date,engine_temperature,brake_pad_thickness,battery_voltage,tire_pressure_Front_R,tire_pressure_Front_L,tire_pressure_Rear_R,tire_pressure_Rear_L,Engine_oil_level,Brake_Pressure,oil_quality,Days_Since_Engine_Service,Days_Since_BrakePad_Service,Days_Since_Battery_Replacement,Days_Since_Tire_Replacement,Km_Driven_After_Last_Engine_Oil_Change,Km_Driven_After_Last_BrakePad_Change,Km_Driven_After_Last_Tire_Change,Km_Driven_After_Last_Battery_Change,cumulative_mileage,driving_behavior,environmental_condition,RUL_brake_pad,RUL_battery,RUL_oil,RUL_tire,Brake_pad_failure,Engine_oil_Failure,Tire_Failure,Battery_Failure
2024-05-13 14:36:28.270103,77.74845870188355,12.0,12.6,32.0,32.0,32.0,32.0,100.0,3000,100.0,0,0,0,0,0,0,0,0,0,0,0,200,150,100,180,0,0,0,0
2024-05-13 14:36:28.270103,76.49359667487519,12.0,12.6,32.0,32.0,32.0,32.0,100.0,3000,100.0,0,0,0,0,0,0,0,0,0,0,0,200,150,100,180,0,0,0,0
2024-05-13 14:36:28.270103,75.78169010719478,12.0,12.6,32.0,32.0,32.0,32.0,100.0,3000,100.0,0,0,0,0,0,0,0,0,0,0,0,200,150,100,180,0,0,0,0
2024-05-13 14:36:28.270103,75.06224774940584,12.0,12.6,32.0,32.0,32.0,32.0,100.0,3000,100.0,0,0,0,0,0,0,0,0,0,0,1,200,150,100,180,0,0,0,0
2024-05-13 14:36:28.270103,71.5391520878558,12.0,12.6,32.0,32.0,32.0,32.0,100.0,3000,100.0,0,0,0,0,0,0,0,0,0,0,0,200,150,100,180,0,0,0,0
2024-05-14 14:36:28.270103,75.34094875293657,11.9,12.57,31.9,31.9,31.9,31.9,99.8,2994,99.5,1,1,1,1,50,50,50,50,50,1,1,199,149,99,179,0,0,0,0
2024-05-14 14:36:28.270103,71.43882716669974,11.9,12.57,31.9,31.9,31.9,31.9,99.8,2994,99.5,1,1,1,1,50,50,50,50,50,1,0,199,149,99,179,0,0,0,0
2024-05-14 14:36:28.270103,73.77198528965175,11.9,12.57,31.9,31.9,31.9,31.9,99.8,2994,99.5,1,1,1,1,50,50,50,50,50,0,0,199,149,99,179,0,0,0,0
2024-05-14 14:36:28.270103,77.8728276726351,11.9,12.57,31.9,31.9,31.9,31.9,99.8,2994,99.5,1,1,1,1,50,50,50,50,50,1,0,199,149,99,179,0,0,0,0
2024-05-14 14:36:28.270103,73.91320085296094,11.9,12.57,31.9,31.9,31.9,31.9,99.8,2994,99.5,1,1,1,1,50,50,50,50,50,0,1,199,149,99,179,0,0,0,0
2024-05-15 14:36:28.270103,76.9027258069326,11.8,12.54,31.8,31.8,31.8,31.8,99.6,2988,99.0,2,2,2,2,100,100,100,100,100,0,0,198,148,98,178,0,0,0,0
2024-05-15 14:36:28.270103,74.60607132643243,11.8,12.54,31.8,31.8,31.8,31.8,99.6,2988,99.0,2,2,2,2,100,100,100,100,100,0,0,198,148,98,178,0,0,0,0
2024-05-15 14:36:28.270103,73.27205509877619,11.8,12.54,31.8,31.8,31.8,31.8,99.6,2988,99.0,2,2,2,2,100,100,100,100,100,0,0,198,148,98,178,0,0,0,0
2024-05-15 14:36:28.270103,72.51001416111495,11.8,12.54,31.8,31.8,31.8,31.8,99.6,2988,99.0,2,2,2,2,100,100,100,100,100,0,0,198,148,98,178,0,0,0,0
2024-05-15 14:36:28.270103,74.40875719773612,11.8,12.54,31.8,31.8,31.8,31.8,99.6,2988,99.0,2,2,2,2,100,100,100,100,100,2,0,198,148,98,178,0,0,0,0
2024-05-16 14:36:28.270103,77.18877504222176,11.7,12.51,31.7,31.7,31.7,31.7,99.4,2982,98.5,3,3,3,3,150,150,150,150,150,0,0,197,147,97,177,0,0,0,0
2024-05-16 14:36:28.270103,74.61658542098688,11.7,12.51,31.7,31.7,31.7,31.7,99.4,2982,98.5,3,3,3,3,150,150,150,150,150,1,0,197,147,97,177,0,0,0,0
2024-05-16 14:36:28.270103,76.75271774000889,11.7,12.51,31.7,31.7,31.7,31.7,99.4,2982,98.5,3,3,3,3,150,150,150,150,150,0,0,197,147,97,177,0,0,0,0
2024-05-16 14:36:28.270103,76.65871247404057,11.7,12.51,31.7,31.7,31.7,31.7,99.4,2982,98.5,3,3,3,3,150,150,150,150,150,0,0,197,147,97,177,0,0,0,0
2024-05-16 14:36:28.270103,75.1456917359203,11.7,12.51,31.7,31.7,31.7,31.7,99.4,2982,98.5,3,3,3,3,150,150,150,150,150,0,0,197,147,97,177,0,0,0,0
2024-05-17 14:36:28.270103,76.53423230061044,11.6,12.48,31.6,31.6,31.6,31.6,99.2,2976,98.0,4,4,4,4,200,200,200,200,200,0,0,196,146,96,176,0,0,0,0
2024-05-17 14:36:28.270103,75.1466577527411,11.6,12.48,31.6,31.6,31.6,31.6,99.2,2976,98.0,4,4,4,4,200,200,200,200,200,0,0,196,146,96,176,0,0,0,0
2024-05-17 14:36:28.270103,76.45184040743891,11.6,12.48,31.6,31.6,31.6,31.6,99.2,2976,98.0,4,4,4,4,200,200,200,200,200,0,0,196,146,96,176,0,0,0,0
2024-05-17 14:36:28.270103,74.77343915486769,11.6,12.48,31.6,31.6,31.6,31.6,99.2,2976,98.0,4,4,4,4,200,200,200,200,200,0,0,196,146,96,176,0,0,0,0
2024-05-17 14:36:28.270103,75.96784505150285,11.6,12.48,31.6,31.6,31.6,31.6,99.2,2976,98.0,4,4,4,4,200,200,200,200,200,2,0,196,146,96,176,0,0,0,0
2024-05-18 14:36:28.270103,76.1344448467199,11.5,12.45,31.5,31.5,31.5,31.5,99.0,2970,97.5,5,5,5,5,250,250,250,250,250,0,0,195,145,95,175,0,0,0,0
2024-05-18 14:36:28.270103,78.17165776220729,11.5,12.45,31.5,31.5,31.5,31.5,99.0,2970,97.5,5,5,5,5,250,250,250,250,250,1,0,195,145,95,175,0,0,0,0
2024-05-18 14:36:28.270103,76.46830917810418,11.5,12.45,31.5,31.5,31.5,31.5,99.0,2970,97.5,5,5,5,5,250,250,250,250,250,0,0,195,145,95,175,0,0,0,0
2024-05-18 14:36:28.270103,75.98927522521481,11.5,12.45,31.5,31.5,31.5,31.5,99.0,2970,97.5,5,5,5,5,250,250,250,250,250,0,0,195,145,95,175,0,0,0,0
2024-05-18 14:36:28.270103,76.54605020397659,11.5,12.45,31.5,31.5,31.5,31.5,99.0,2970,97.5,5,5,5,5,250,250,250,250,250,0,0,195,145,95,175,0,0,0,0
2024-05-19 14:36:28.270103,76.12825709896575,11.4,12.42,31.4,31.4,31.4,31.4,98.8,2964,97.0,6,6,6,6,300,300,300,300,300,1,1,194,144,94,174,0,0,0,0
2024-05-19 14:36:28.270103,76.71493176411515,11.4,12.42,31.4,31.4,31.4,31.4,98.8,2964,97.0,6,6,6,6,300,300,300,300,300,2,0,194,144,94,174,0,0,0,0
2024-05-19 14:36:28.270103,78.21394689213109,11.4,12.42,31.4,31.4,31.4,31.4,98.8,2964,97.0,6,6,6,6,300,300,300,300,300,0,0,194,144,94,174,0,0,0,0
2024-05-19 14:36:28.270103,77.53094494166658,11.4,12.42,31.4,31.4,31.4,31.4,98.8,2964,97.0,6,6,6,6,300,300,300,300,300,1,0,194,144,94,174,0,0,0,0
2024-05-19 14:36:28.270103,77.54445099250884,11.4,12.42,31.4,31.4,31.4,31.4,98.8,2964,97.0,6,6,6,6,300,300,300,300,300,1,0,194,144,94,174,0,0,0,0
2024-05-20 14:36:28.270103,72.92953341425705,11.3,12.389999999999999,31.3,31.3,31.3,31.3,98.6,2958,96.5,7,7,7,7,350,350,350,350,350,1,0,193,143,93,173,0,0,0,0
2024-05-20 14:36:28.270103,76.33448157208062,11.3,12.389999999999999,31.3,31.3,31.3,31.3,98.6,2958,96.5,7,7,7,7,350,350,350,350,350,0,0,193,143,93,173,0,0,0,0
2024-05-20 14:36:28.270103,77.06399416253544,11.3,12.389999999999999,31.3,31.3,31.3,31.3,98.6,2958,96.5,7,7,7,7,350,350,350,350,350,0,0,193,143,93,173,0,0,0,0
2024-05-20 14:36:28.270103,77.45624188740936,11.3,12.389999999999999,31.3,31.3,31.3,31.3,98.6,2958,96.5,7,7,7,7,350,350,350,350,350,0,0,193,143,93,173,0,0,0,0
2024-05-20 14:36:28.270103,75.85689588870042,11.3,12.389999999999999,31.3,31.3,31.3,31.3,98.6,2958,96.5,7,7,7,7,350,350,350,350,350,2,0,193,143,93,173,0,0,0,0
2024-05-21 14:36:28.270103,73.35584005527636,11.2,12.36,31.2,31.2,31.2,31.2,98.4,2952,96.0,8,8,8,8,400,400,400,400,400,0,0,192,142,92,172,0,0,0,0
2024-05-21 14:36:28.270103,75.50389782287299,11.2,12.36,31.2,31.2,31.2,31.2,98.4,2952,96.0,8,8,8,8,400,400,400,400,400,0,0,192,142,92,172,0,0,0,0
2024-05-21 14:36:28.270103,75.90838758839334,11.2,12.36,31.2,31.2,31.2,31.2,98.4,2952,96.0,8,8,8,8,400,400,400,400,400,0,0,192,142,92,172,0,0,0,0
2024-05-21 14:36:28.270103,77.61295211556187,11.2,12.36,31.2,31.2,31.2,31.2,98.4,2952,96.0,8,8,8,8,400,400,400,400,400,0,0,192,142,92,172,0,0,0,0
2024-05-21 14:36:28.270103,80.14921952972364,11.2,12.36,31.2,31.2,31.2,31.2,98.4,2952,96.0,8,8,8,8,400,400,400,400,400,0,1,192,142,92,172,0,0,0,0
2024-05-22 14:36:28.270103,74.45127081912523,11.1,12.33,31.1,31.1,31.1,31.1,98.2,2946,95.5,9,9,9,9,450,450,450,450,450,0,0,191,141,91,171,0,0,0,0
2024-05-22 14:36:28.270103,75.20367764361761,11.1,12.33,31.1,31.1,31.1,31.1,98.2,2946,95.5,9,9,9,9,450,450,450,450,450,0,0,191,141,91,171,0,0,0,0
2024-05-22 14:36:28.270103,77.45885749027266,11.1,12.33,31.1,31.1,31.1,31.1,98.2,2946,95.5,9,9,9,9,450,450,450,450,450,0,0,191,141,91,171,0,0,0,0
2024-05-22 14:36:28.270103,77.28795093545743,11.1,12.33,31.1,31.1,31.1,31.1,98.2,2946,95.5,9,9,9,9,450,450,450,450,450,0,0,191,141,91,171,0,0,0,0
2024-05-22 14:36:28.270103,76.90739219586013,11.1,12.33,31.1,31.1,31.1,31.1,98.2,2946,95.5,9,9,9,9,450,450,450,450,450,0,0,191,141,91,171,0,0,0,0
2024-05-23 14:36:28.270103,76.80373987968687,11.0,12.299999999999999,31.0,31.0,31.0,31.0,98.0,2940,95.0,10,10,10,10,500,500,500,500,500,0,0,190,140,90,170,0,0,0,0
2024-05-23 14:36:28.270103,77.04693319286055,11.0,12.299999999999999,31.0,31.0,31.0,31.0,98.0,2940,95.0,10,10,10,10,500,500,500,500,500,0,0,190,140,90,170,0,0,0,0
2024-05-23 14:36:28.270103,79.35163250818235,11.0,12.299999999999999,31.0,31.0,31.0,31.0,98.0,2940,95.0,10,10,10,10,500,500,500,500,500,0,0,190,140,90,170,0,0,0,0
2024-05-23 14:36:28.270103,79.29859806079062,11.0,12.299999999999999,31.0,31.0,31.0,31.0,98.0,2940,95.0,10,10,10,10,500,500,500,500,500,1,0,190,140,90,170,0,0,0,0
2024-05-23 14:36:28.270103,78.40606943034514,11.0,12.299999999999999,31.0,31.0,31.0,31.0,98.0,2940,95.0,10,10,10,10,500,500,500,500,500,0,0,190,140,90,170,0,0,0,0
2024-05-24 14:36:28.270103,80.598004123356,10.9,12.27,30.9,30.9,30.9,30.9,97.8,2934,94.5,11,11,11,11,550,550,550,550,550,1,0,189,139,89,169,0,0,0,0
2024-05-24 14:36:28.270103,78.12086818202918,10.9,12.27,30.9,30.9,30.9,30.9,97.8,2934,94.5,11,11,11,11,550,550,550,550,550,1,0,189,139,89,169,0,0,0,0
2024-05-24 14:36:28.270103,75.94846886504294,10.9,12.27,30.9,30.9,30.9,30.9,97.8,2934,94.5,11,11,11,11,550,550,550,550,550,1,0,189,139,89,169,0,0,0,0
2024-05-24 14:36:28.270103,75.28122383420536,10.9,12.27,30.9,30.9,30.9,30.9,97.8,2934,94.5,11,11,11,11,550,550,550,550,550,0,0,189,139,89,169,0,0,0,0
2024-05-24 14:36:28.270103,79.63151362105734,10.9,12.27,30.9,30.9,30.9,30.9,97.8,2934,94.5,11,11,11,11,550,550,550,550,550,0,0,189,139,89,169,0,0,0,0
2024-05-25 14:36:28.270103,78.52691303444713,10.8,12.24,30.8,30.8,30.8,30.8,97.6,2928,94.0,12,12,12,12,600,600,600,600,600,0,0,188,138,88,168,0,0,0,0
2024-05-25 14:36:28.270103,76.77589777364189,10.8,12.24,30.8,30.8,30.8,30.8,97.6,2928,94.0,12,12,12,12,600,600,600,600,600,1,0,188,138,88,168,0,0,0,0
2024-05-25 14:36:28.270103,74.71035974453748,10.8,12.24,30.8,30.8,30.8,30.8,97.6,2928,94.0,12,12,12,12,600,600,600,600,600,2,1,188,138,88,168,0,0,0,0
2024-05-25 14:36:28.270103,76.22670231515353,10.8,12.24,30.8,30.8,30.8,30.8,97.6,2928,94.0,12,12,12,12,600,600,600,600,600,0,0,188,138,88,168,0,0,0,0
2024-05-25 14:36:28.270103,77.12722741971805,10.8,12.24,30.8,30.8,30.8,30.8,97.6,2928,94.0,12,12,12,12,600,600,600,600,600,0,0,188,138,88,168,0,0,0,0
2024-05-26 14:36:28.270103,76.67469640160898,10.7,12.209999999999999,30.7,30.7,30.7,30.7,97.4,2922,93.5,13,13,13,13,650,650,650,650,650,2,0,187,137,87,167,0,0,0,0
2024-05-26 14:36:28.270103,80.27253677439981,10.7,12.209999999999999,30.7,30.7,30.7,30.7,97.4,2922,93.5,13,13,13,13,650,650,650,650,650,0,0,187,137,87,167,0,0,0,0
2024-05-26 14:36:28.270103,77.08173306303681,10.7,12.209999999999999,30.7,30.7,30.7,30.7,97.4,2922,93.5,13,13,13,13,650,650,650,650,650,0,0,187,137,87,167,0,0,0,0
2024-05-26 14:36:28.270103,75.33454726289673,10.7,12.209999999999999,30.7,30.7,30.7,30.7,97.4,2922,93.5,13,13,13,13,650,650,650,650,650,0,0,187,137,87,167,0,0,0,0
2024-05-26 14:36:28.270103,78.33557355747597,10.7,12.209999999999999,30.7,30.7,30.7,30.7,97.4,2922,93.5,13,13,13,13,650,650,650,650,650,0,0,187,137,87,167,0,0,0,0
2024-05-27 14:36:28.270103,79.84492865654059,10.6,12.18,30.6,30.6,30.6,30.6,97.2,2916,93.0,14,14,14,14,700,700,700,700,700,0,0,186,136,86,166,0,0,0,0
2024-05-27 14:36:28.270103,79.16986538032405,10.6,12.18,30.6,30.6,30.6,30.6,97.2,2916,93.0,14,14,14,14,700,700,700,700,700,2,0,186,136,86,166,0,0,0,0
2024-05-27 14:36:28.270103,79.54420401362772,10.6,12.18,30.6,30.6,30.6,30.6,97.2,2916,93.0,14,14,14,14,700,700,700,700,700,0,0,186,136,86,166,0,0,0,0
2024-05-27 14:36:28.270103,81.87334880216365,10.6,12.18,30.6,30.6,30.6,30.6,97.2,2916,93.0,14,14,14,14,700,700,700,700,700,1,0,186,136,86,166,0,0,0,0
2024-05-27 14:36:28.270103,75.38921385866024,10.6,12.18,30.6,30.6,30.6,30.6,97.2,2916,93.0,14,14,14,14,700,700,700,700,700,0,1,186,136,86,166,0,0,0,0
2024-05-28 14:36:28.270103,80.09757659278775,10.5,12.15,30.5,30.5,30.5,30.5,97.0,2910,92.5,15,15,15,15,750,750,750,750,750,0,0,185,135,85,165,0,0,0,0
2024-05-28 14:36:28.270103,76.64033663795895,10.5,12.15,30.5,30.5,30.5,30.5,97.0,2910,92.5,15,15,15,15,750,750,750,750,750,0,0,185,135,85,165,0,0,0,0
2024-05-28 14:36:28.270103,76.38722713361918,10.5,12.15,30.5,30.5,30.5,30.5,97.0,2910,92.5,15,15,15,15,750,750,750,750,750,2,0,185,135,85,165,0,0,0,0
2024-05-28 14:36:28.270103,76.47531241198796,10.5,12.15,30.5,30.5,30.5,30.5,97.0,2910,92.5,15,15,15,15,750,750,750,750,750,0,0,185,135,85,165,0,0,0,0
2024-05-28 14:36:28.270103,78.69481051046768,10.5,12.15,30.5,30.5,30.5,30.5,97.0,2910,92.5,15,15,15,15,750,750,750,750,750,2,0,185,135,85,165,0,0,0,0
2024-05-29 14:36:28.270103,76.65973729397122,10.4,12.12,30.4,30.4,30.4,30.4,96.8,2904,92.0,16,16,16,16,800,800,800,800,800,0,0,184,134,84,164,0,0,0,0
2024-05-29 14:36:28.270103,79.2761009786812,10.4,12.12,30.4,30.4,30.4,30.4,96.8,2904,92.0,16,16,16,16,800,800,800,800,800,0,1,184,134,84,164,0,0,0,0
2024-05-29 14:36:28.270103,79.10818484471139,10.4,12.12,30.4,30.4,30.4,30.4,96.8,2904,92.0,16,16,16,16,800,800,800,800,800,1,0,184,134,84,164,0,0,0,0
2024-05-29 14:36:28.270103,80.223189324967,10.4,12.12,30.4,30.4,30.4,30.4,96.8,2904,92.0,16,16,16,16,800,800,800,800,800,2,1,184,134,84,164,0,0,0,0
2024-05-29 14:36:28.270103,81.1132077277553,10.4,12.12,30.4,30.4,30.4,30.4,96.8,2904,92.0,16,16,16,16,800,800,800,800,800,0,0,184,134,84,164,0,0,0,0
2024-05-30 14:36:28.270103,82.5956934269616,10.3,12.09,30.3,30.3,30.3,30.3,96.6,2898,91.5,17,17,17,17,850,850,850,850,850,0,0,183,133,83,163,0,0,0,0
2024-05-30 14:36:28.270103,80.02416720778992,10.3,12.09,30.3,30.3,30.3,30.3,96.6,2898,91.5,17,17,17,17,850,850,850,850,850,2,0,183,133,83,163,0,0,0,0
2024-05-30 14:36:28.270103,76.27939675225964,10.3,12.09,30.3,30.3,30.3,30.3,96.6,2898,91.5,17,17,17,17,850,850,850,850,850,0,0,183,133,83,163,0,0,0,0
2024-05-30 14:36:28.270103,80.47240564281836,10.3,12.09,30.3,30.3,30.3,30.3,96.6,2898,91.5,17,17,17,17,850,850,850,850,850,2,0,183,133,83,163,0,0,0,0
2024-05-30 14:36:28.270103,78.88926212420718,10.3,12.09,30.3,30.3,30.3,30.3,96.6,2898,91.5,17,17,17,17,850,850,850,850,850,0,1,183,133,83,163,0,0,0,0
2024-05-31 14:36:28.270103,78.03771096305658,10.2,12.059999999999999,30.2,30.2,30.2,30.2,96.4,2892,91.0,18,18,18,18,900,900,900,900,900,0,0,182,132,82,162,0,0,0,0
2024-05-31 14:36:28.270103,77.64050552936449,10.2,12.059999999999999,30.2,30.2,30.2,30.2,96.4,2892,91.0,18,18,18,18,900,900,900,900,900,0,0,182,132,82,162,0,0,0,0
2024-05-31 14:36:28.270103,78.87181772980811,10.2,12.059999999999999,30.2,30.2,30.2,30.2,96.4,2892,91.0,18,18,18,18,900,900,900,900,900,0,0,182,132,82,162,0,0,0,0
2024-05-31 14:36:28.270103,77.4872296828579,10.2,12.059999999999999,30.2,30.2,30.2,30.2,96.4,2892,91.0,18,18,18,18,900,900,900,900,900,1,0,182,132,82,162,0,0,0,0
2024-05-31 14:36:28.270103,80.23786186935288,10.2,12.059999999999999,30.2,30.2,30.2,30.2,96.4,2892,91.0,18,18,18,18,900,900,900,900,900,0,0,182,132,82,162,0,0,0,0
2024-06-01 14:36:28.270103,78.54219003000306,10.1,12.03,30.1,30.1,30.1,30.1,96.2,2886,90.5,19,19,19,19,950,950,950,950,950,0,0,181,131,81,161,0,0,0,0
2024-06-01 14:36:28.270103,76.96351791460737,10.1,12.03,30.1,30.1,30.1,30.1,96.2,2886,90.5,19,19,19,19,950,950,950,950,950,0,1,181,131,81,161,0,0,0,0
2024-06-01 14:36:28.270103,75.8861696278434,10.1,12.03,30.1,30.1,30.1,30.1,96.2,2886,90.5,19,19,19,19,950,950,950,950,950,0,1,181,131,81,161,0,0,0,0
2024-06-01 14:36:28.270103,80.98972151330523,10.1,12.03,30.1,30.1,30.1,30.1,96.2,2886,90.5,19,19,19,19,950,950,950,950,950,0,1,181,131,81,161,0,0,0,0
2024-06-01 14:36:28.270103,81.14178341799926,10.1,12.03,30.1,30.1,30.1,30.1,96.2,2886,90.5,19,19,19,19,950,950,950,950,950,0,1,181,131,81,161,0,0,0,0
2024-06-02 14:36:28.270103,77.13461169066133,10.0,12.0,30.0,30.0,30.0,30.0,96.0,2880,90.0,20,20,20,20,1000,1000,1000,1000,1000,1,0,180,130,80,160,0,0,0,0
2024-06-02 14:36:28.270103,76.11312520209447,10.0,12.0,30.0,30.0,30.0,30.0,96.0,2880,90.0,20,20,20,20,1000,1000,1000,1000,1000,0,0,180,130,80,160,0,0,0,0
2024-06-02 14:36:28.270103,77.83455119152137,10.0,12.0,30.0,30.0,30.0,30.0,96.0,2880,90.0,20,20,20,20,1000,1000,1000,1000,1000,1,0,180,130,80,160,0,0,0,0
2024-06-02 14:36:28.270103,83.7194776150142,10.0,12.0,30.0,30.0,30.0,30.0,96.0,2880,90.0,20,20,20,20,1000,1000,1000,1000,1000,0,0,180,130,80,160,0,0,0,0
2024-06-02 14:36:28.270103,76.9504485778416,10.0,12.0,30.0,30.0,30.0,30.0,96.0,2880,90.0,20,20,20,20,1000,1000,1000,1000,1000,0,0,180,130,80,160,0,0,0,0
2024-06-03 14:36:28.270103,79.89408080130573,9.9,11.969999999999999,29.9,29.9,29.9,29.9,95.8,2874,89.5,21,21,21,21,1050,1050,1050,1050,1050,1,0,179,129,79,159,0,0,0,0
2024-06-03 14:36:28.270103,78.00903824017236,9.9,11.969999999999999,29.9,29.9,29.9,29.9,95.8,2874,89.5,21,21,21,21,1050,1050,1050,1050,1050,1,0,179,129,79,159,0,0,0,0
2024-06-03 14:36:28.270103,76.45644193951317,9.9,11.969999999999999,29.9,29.9,29.9,29.9,95.8,2874,89.5,21,21,21,21,1050,1050,1050,1050,1050,0,1,179,129,79,159,0,0,0,0
2024-06-03 14:36:28.270103,80.22501734390757,9.9,11.969999999999999,29.9,29.9,29.9,29.9,95.8,2874,89.5,21,21,21,21,1050,1050,1050,1050,1050,0,0,179,129,79,159,0,0,0,0
2024-06-03 14:36:28.270103,81.26309015993682,9.9,11.969999999999999,29.9,29.9,29.9,29.9,95.8,2874,89.5,21,21,21,21,1050,1050,1050,1050,1050,0,0,179,129,79,159,0,0,0,0
2024-06-04 14:36:28.270103,78.76187662124083,9.8,11.94,29.8,29.8,29.8,29.8,95.6,2868,89.0,22,22,22,22,1100,1100,1100,1100,1100,2,1,178,128,78,158,0,0,0,0
2024-06-04 14:36:28.270103,78.1454062942693,9.8,11.94,29.8,29.8,29.8,29.8,95.6,2868,89.0,22,22,22,22,1100,1100,1100,1100,1100,0,0,178,128,78,158,0,0,0,0
2024-06-04 14:36:28.270103,83.05155997230447,9.8,11.94,29.8,29.8,29.8,29.8,95.6,2868,89.0,22,22,22,22,1100,1100,1100,1100,1100,0,0,178,128,78,158,0,0,0,0
2024-06-04 14:36:28.270103,76.56907518561468,9.8,11.94,29.8,29.8,29.8,29.8,95.6,2868,89.0,22,22,22,22,1100,1100,1100,1100,1100,0,1,178,128,78,158,0,0,0,0
2024-06-04 14:36:28.270103,80.3842104146517,9.8,11.94,29.8,29.8,29.8,29.8,95.6,2868,89.0,22,22,22,22,1100,1100,1100,1100,1100,0,0,178,128,78,158,0,0,0,0
2024-06-05 14:36:28.270103,80.2835246256404,9.7,11.91,29.7,29.7,29.7,29.7,95.4,2862,88.5,23,23,23,23,1150,1150,1150,1150,1150,0,0,177,127,77,157,0,0,0,0
2024-06-05 14:36:28.270103,78.44184031156618,9.7,11.91,29.7,29.7,29.7,29.7,95.4,2862,88.5,23,23,23,23,1150,1150,1150,1150,1150,0,0,177,127,77,157,0,0,0,0
2024-06-05 14:36:28.270103,79.57657491099654,9.7,11.91,29.7,29.7,29.7,29.7,95.4,2862,88.5,23,23,23,23,1150,1150,1150,1150,1150,0,0,177,127,77,157,0,0,0,0
2024-06-05 14:36:28.270103,81.75751945203537,9.7,11.91,29.7,29.7,29.7,29.7,95.4,2862,88.5,23,23,23,23,1150,1150,1150,1150,1150,0,0,177,127,77,157,0,0,0,0
2024-06-05 14:36:28.270103,81.4200932772667,9.7,11.91,29.7,29.7,29.7,29.7,95.4,2862,88.5,23,23,23,23,1150,1150,1150,1150,1150,1,1,177,127,77,157,0,0,0,0
2024-06-06 14:36:28.270103,76.89571575570533,9.6,11.879999999999999,29.6,29.6,29.6,29.6,95.2,2856,88.0,24,24,24,24,1200,1200,1200,1200,1200,0,0,176,126,76,156,0,0,0,0
2024-06-06 14:36:28.270103,81.70497705804028,9.6,11.879999999999999,29.6,29.6,29.6,29.6,95.2,2856,88.0,24,24,24,24,1200,1200,1200,1200,1200,1,0,176,126,76,156,0,0,0,0
2024-06-06 14:36:28.270103,79.94259543520872,9.6,11.879999999999999,29.6,29.6,29.6,29.6,95.2,2856,88.0,24,24,24,24,1200,1200,1200,1200,1200,0,0,176,126,76,156,0,0,0,0
2024-06-06 14:36:28.270103,80.3890402491713,9.6,11.879999999999999,29.6,29.6,29.6,29.6,95.2,2856,88.0,24,24,24,24,1200,1200,1200,1200,1200,0,0,176,126,76,156,0,0,0,0
2024-06-06 14:36:28.270103,77.95005819022555,9.6,11.879999999999999,29.6,29.6,29.6,29.6,95.2,2856,88.0,24,24,24,24,1200,1200,1200,1200,1200,0,1,176,126,76,156,0,0,0,0
2024-06-07 14:36:28.270103,77.30413537809979,9.5,11.85,29.5,29.5,29.5,29.5,95.0,2850,87.5,25,25,25,25,1250,1250,1250,1250,1250,0,0,175,125,75,155,0,0,0,0
2024-06-07 14:36:28.270103,83.11879984797761,9.5,11.85,29.5,29.5,29.5,29.5,95.0,2850,87.5,25,25,25,25,1250,1250,1250,1250,1250,0,0,175,125,75,155,0,0,0,0
2024-06-07 14:36:28.270103,79.72515598421593,9.5,11.85,29.5,29.5,29.5,29.5,95.0,2850,87.5,25,25,25,25,1250,1250,1250,1250,1250,0,0,175,125,75,155,0,0,0,0
2024-06-07 14:36:28.270103,80.5173883605815,9.5,11.85,29.5,29.5,29.5,29.5,95.0,2850,87.5,25,25,25,25,1250,1250,1250,1250,1250,0,0,175,125,75,155,0,0,0,0
2024-06-07 14:36:28.270103,80.15005906681552,9.5,11.85,29.5,29.5,29.5,29.5,95.0,2850,87.5,25,25,25,25,1250,1250,1250,1250,1250,0,0,175,125,75,155,0,0,0,0
2024-06-08 14:36:28.270103,80.62422930077678,9.4,11.82,29.4,29.4,29.4,29.4,94.8,2844,87.0,26,26,26,26,1300,1300,1300,1300,1300,0,0,174,124,74,154,0,0,0,0
2024-06-08 14:36:28.270103,75.36030930330121,9.4,11.82,29.4,29.4,29.4,29.4,94.8,2844,87.0,26,26,26,26,1300,1300,1300,1300,1300,0,0,174,124,74,154,0,0,0,0
2024-06-08 14:36:28.270103,78.17663314622189,9.4,11.82,29.4,29.4,29.4,29.4,94.8,2844,87.0,26,26,26,26,1300,1300,1300,1300,1300,0,0,174,124,74,154,0,0,0,0
2024-06-08 14:36:28.270103,78.35400609374116,9.4,11.82,29.4,29.4,29.4,29.4,94.8,2844,87.0,26,26,26,26,1300,1300,1300,1300,1300,0,1,174,124,74,154,0,0,0,0
2024-06-08 14:36:28.270103,81.79642576962878,9.4,11.82,29.4,29.4,29.4,29.4,94.8,2844,87.0,26,26,26,26,1300,1300,1300,1300,1300,0,0,174,124,74,154,0,0,0,0
2024-06-09 14:36:28.270103,81.75671361799229,9.3,11.79,29.3,29.3,29.3,29.3,94.6,2838,86.5,27,27,27,27,1350,1350,1350,1350,1350,0,0,173,123,73,153,0,0,0,0
2024-06-09 14:36:28.270103,79.00025770177079,9.3,11.79,29.3,29.3,29.3,29.3,94.6,2838,86.5,27,27,27,27,1350,1350,1350,1350,1350,0,0,173,123,73,153,0,0,0,0
2024-06-09 14:36:28.270103,82.39024705804698,9.3,11.79,29.3,29.3,29.3,29.3,94.6,2838,86.5,27,27,27,27,1350,1350,1350,1350,1350,2,0,173,123,73,153,0,0,0,0
2024-06-09 14:36:28.270103,78.80720008846453,9.3,11.79,29.3,29.3,29.3,29.3,94.6,2838,86.5,27,27,27,27,1350,1350,1350,1350,1350,2,0,173,123,73,153,0,0,0,0
2024-06-09 14:36:28.270103,79.05397365559107,9.3,11.79,29.3,29.3,29.3,29.3,94.6,2838,86.5,27,27,27,27,1350,1350,1350,1350,1350,0,0,173,123,73,153,0,0,0,0
2024-06-10 14:36:28.270103,78.9091496225343,9.2,11.76,29.2,29.2,29.2,29.2,94.4,2832,86.0,28,28,28,28,1400,1400,1400,1400,1400,0,0,172,122,72,152,0,0,0,0
2024-06-10 14:36:28.270103,82.9712158304377,9.2,11.76,29.2,29.2,29.2,29.2,94.4,2832,86.0,28,28,28,28,1400,1400,1400,1400,1400,0,0,172,122,72,152,0,0,0,0
2024-06-10 14:36:28.270103,80.98770837190403,9.2,11.76,29.2,29.2,29.2,29.2,94.4,2832,86.0,28,28,28,28,1400,1400,1400,1400,1400,1,0,172,122,72,152,0,0,0,0
2024-06-10 14:36:28.270103,77.86422093591861,9.2,11.76,29.2,29.2,29.2,29.2,94.4,2832,86.0,28,28,28,28,1400,1400,1400,1400,1400,0,0,172,122,72,152,0,0,0,0
2024-06-10 14:36:28.270103,77.41602050997557,9.2,11.76,29.2,29.2,29.2,29.2,94.4,2832,86.0,28,28,28,28,1400,1400,1400,1400,1400,1,0,172,122,72,152,0,0,0,0
2024-06-11 14:36:28.270103,81.34050310290513,9.1,11.73,29.1,29.1,29.1,29.1,94.2,2826,85.5,29,29,29,29,1450,1450,1450,1450,1450,0,0,171,121,71,151,0,0,0,0
2024-06-11 14:36:28.270103,77.2678290628165,9.1,11.73,29.1,29.1,29.1,29.1,94.2,2826,85.5,29,29,29,29,1450,1450,1450,1450,1450,0,0,171,121,71,151,0,0,0,0
2024-06-11 14:36:28.270103,79.67698808724444,9.1,11.73,29.1,29.1,29.1,29.1,94.2,2826,85.5,29,29,29,29,1450,1450,1450,1450,1450,1,0,171,121,71,151,0,0,0,0
2024-06-11 14:36:28.270103,74.85981435274853,9.1,11.73,29.1,29.1,29.1,29.1,94.2,2826,85.5,29,29,29,29,1450,1450,1450,1450,1450,0,0,171,121,71,151,0,0,0,0
2024-06-11 14:36:28.270103,81.32856250632894,9.1,11.73,29.1,29.1,29.1,29.1,94.2,2826,85.5,29,29,29,29,1450,1450,1450,1450,1450,0,0,171,121,71,151,0,0,0,0
2024-06-12 14:36:28.270103,80.7711494821936,9.0,11.7,29.0,29.0,29.0,29.0,94.0,2820,85.0,30,30,30,30,1500,1500,1500,1500,1500,0,0,170,120,70,150,0,0,0,0
2024-06-12 14:36:28.270103,83.25574086569183,9.0,11.7,29.0,29.0,29.0,29.0,94.0,2820,85.0,30,30,30,30,1500,1500,1500,1500,1500,0,0,170,120,70,150,0,0,0,0
2024-06-12 14:36:28.270103,80.00461696991937,9.0,11.7,29.0,29.0,29.0,29.0,94.0,2820,85.0,30,30,30,30,1500,1500,1500,1500,1500,1,0,170,120,70,150,0,0,0,0
2024-06-12 14:36:28.270103,80.78407907509784,9.0,11.7,29.0,29.0,29.0,29.0,94.0,2820,85.0,30,30,30,30,1500,1500,1500,1500,1500,0,1,170,120,70,150,0,0,0,0
2024-06-12 14:36:28.270103,81.61982756742142,9.0,11.7,29.0,29.0,29.0,29.0,94.0,2820,85.0,30,30,30,30,1500,1500,1500,1500,1500,0,0,170,120,70,150,0,0,0,0
2024-06-13 14:36:28.270103,81.39007514519677,8.9,11.67,28.9,28.9,28.9,28.9,93.8,2814,84.5,31,31,31,31,1550,1550,1550,1550,1550,1,0,169,119,69,149,0,0,0,0
2024-06-13 14:36:28.270103,79.97247075824502,8.9,11.67,28.9,28.9,28.9,28.9,93.8,2814,84.5,31,31,31,31,1550,1550,1550,1550,1550,0,1,169,119,69,149,0,0,0,0
2024-06-13 14:36:28.270103,79.66121419357005,8.9,11.67,28.9,28.9,28.9,28.9,93.8,2814,84.5,31,31,31,31,1550,1550,1550,1550,1550,0,0,169,119,69,149,0,0,0,0
2024-06-13 14:36:28.270103,77.44288082172316,8.9,11.67,28.9,28.9,28.9,28.9,93.8,2814,84.5,31,31,31,31,1550,1550,1550,1550,1550,0,0,169,119,69,149,0,0,0,0
2024-06-13 14:36:28.270103,79.97576069218906,8.9,11.67,28.9,28.9,28.9,28.9,93.8,2814,84.5,31,31,31,31,1550,1550,1550,1550,1550,1,1,169,119,69,149,0,0,0,0
2024-06-14 14:36:28.270103,81.8814890578893,8.8,11.64,28.8,28.8,28.8,28.8,93.6,2808,84.0,32,32,32,32,1600,1600,1600,1600,1600,0,0,168,118,68,148,0,0,0,0
2024-06-14 14:36:28.270103,80.68154095096693,8.8,11.64,28.8,28.8,28.8,28.8,93.6,2808,84.0,32,32,32,32,1600,1600,1600,1600,1600,1,0,168,118,68,148,0,0,0,0
2024-06-14 14:36:28.270103,77.93777038332159,8.8,11.64,28.8,28.8,28.8,28.8,93.6,2808,84.0,32,32,32,32,1600,1600,1600,1600,1600,0,1,168,118,68,148,0,0,0,0
2024-06-14 14:36:28.270103,77.48536385469787,8.8,11.64,28.8,28.8,28.8,28.8,93.6,2808,84.0,32,32,32,32,1600,1600,1600,1600,1600,1,0,168,118,68,148,0,0,0,0
2024-06-14 14:36:28.270103,77.22164091723876,8.8,11.64,28.8,28.8,28.8,28.8,93.6,2808,84.0,32,32,32,32,1600,1600,1600,1600,1600,2,0,168,118,68,148,0,0,0,0
2024-06-15 14:36:28.270103,78.7221477978703,8.7,11.61,28.7,28.7,28.7,28.7,93.4,2802,83.5,33,33,33,33,1650,1650,1650,1650,1650,0,0,167,117,67,147,0,0,0,0
2024-06-15 14:36:28.270103,80.27897673119988,8.7,11.61,28.7,28.7,28.7,28.7,93.4,2802,83.5,33,33,33,33,1650,1650,1650,1650,1650,1,0,167,117,67,147,0,0,0,0
2024-06-15 14:36:28.270103,84.43172429221353,8.7,11.61,28.7,28.7,28.7,28.7,93.4,2802,83.5,33,33,33,33,1650,1650,1650,1650,1650,0,0,167,117,67,147,0,0,0,0
2024-06-15 14:36:28.270103,81.84466605831129,8.7,11.61,28.7,28.7,28.7,28.7,93.4,2802,83.5,33,33,33,33,1650,1650,1650,1650,1650,0,0,167,117,67,147,0,0,0,0
2024-06-15 14:36:28.270103,80.78142315587466,8.7,11.61,28.7,28.7,28.7,28.7,93.4,2802,83.5,33,33,33,33,1650,1650,1650,1650,1650,0,0,167,117,67,147,0,0,0,0
2024-06-16 14:36:28.270103,80.70407815024056,8.6,11.58,28.6,28.6,28.6,28.6,93.2,2796,83.0,34,34,34,34,1700,1700,1700,1700,1700,0,0,166,116,66,146,0,0,0,0
2024-06-16 14:36:28.270103,77.04292518830638,8.6,11.58,28.6,28.6,28.6,28.6,93.2,2796,83.0,34,34,34,34,1700,1700,1700,1700,1700,2,1,166,116,66,146,0,0,0,0
2024-06-16 14:36:28.270103,80.22075496050927,8.6,11.58,28.6,28.6,28.6,28.6,93.2,2796,83.0,34,34,34,34,1700,1700,1700,1700,1700,0,0,166,116,66,146,0,0,0,0
2024-06-16 14:36:28.270103,78.69907632788957,8.6,11.58,28.6,28.6,28.6,28.6,93.2,2796,83.0,34,34,34,34,1700,1700,1700,1700,1700,0,0,166,116,66,146,0,0,0,0
2024-06-16 14:36:28.270103,79.38972029663242,8.6,11.58,28.6,28.6,28.6,28.6,93.2,2796,83.0,34,34,34,34,1700,1700,1700,1700,1700,0,0,166,116,66,146,0,0,0,0
2024-06-17 14:36:28.270103,81.96118088855215,8.5,11.549999999999999,28.5,28.5,28.5,28.5,93.0,2790,82.5,35,35,35,35,1750,1750,1750,1750,1750,0,1,165,115,65,145,0,0,0,0
2024-06-17 14:36:28.270103,78.58668904463879,8.5,11.549999999999999,28.5,28.5,28.5,28.5,93.0,2790,82.5,35,35,35,35,1750,1750,1750,1750,1750,1,0,165,115,65,145,0,0,0,0
2024-06-17 14:36:28.270103,79.62201158039304,8.5,11.549999999999999,28.5,28.5,28.5,28.5,93.0,2790,82.5,35,35,35,35,1750,1750,1750,1750,1750,0,0,165,115,65,145,0,0,0,0
2024-06-17 14:36:28.270103,80.57202330291673,8.5,11.549999999999999,28.5,28.5,28.5,28.5,93.0,2790,82.5,35,35,35,35,1750,1750,1750,1750,1750,0,0,165,115,65,145,0,0,0,0
2024-06-17 14:36:28.270103,76.93445085002288,8.5,11.549999999999999,28.5,28.5,28.5,28.5,93.0,2790,82.5,35,35,35,35,1750,1750,1750,1750,1750,0,0,165,115,65,145,0,0,0,0
2024-06-18 14:36:28.270103,77.9640113183921,8.4,11.52,28.4,28.4,28.4,28.4,92.8,2784,82.0,36,36,36,36,1800,1800,1800,1800,1800,1,0,164,114,64,144,0,0,0,0
2024-06-18 14:36:28.270103,78.57929806276483,8.4,11.52,28.4,28.4,28.4,28.4,92.8,2784,82.0,36,36,36,36,1800,1800,1800,1800,1800,0,0,164,114,64,144,0,0,0,0
2024-06-18 14:36:28.270103,78.59398283667619,8.4,11.52,28.4,28.4,28.4,28.4,92.8,2784,82.0,36,36,36,36,1800,1800,1800,1800,1800,0,0,164,114,64,144,0,0,0,0
2024-06-18 14:36:28.270103,76.952506766433,8.4,11.52,28.4,28.4,28.4,28.4,92.8,2784,82.0,36,36,36,36,1800,1800,1800,1800,1800,0,0,164,114,64,144,0,0,0,0
2024-06-18 14:36:28.270103,77.85226986388365,8.4,11.52,28.4,28.4,28.4,28.4,92.8,2784,82.0,36,36,36,36,1800,1800,1800,1800,1800,0,0,164,114,64,144,0,0,0,0
2024-06-19 14:36:28.270103,80.5863044597101,8.3,11.49,28.3,28.3,28.3,28.3,92.6,2778,81.5,37,37,37,37,1850,1850,1850,1850,1850,0,1,163,113,63,143,0,0,0,0
2024-06-19 14:36:28.270103,80.60268316147007,8.3,11.49,28.3,28.3,28.3,28.3,92.6,2778,81.5,37,37,37,37,1850,1850,1850,1850,1850,1,0,163,113,63,143,0,0,0,0
2024-06-19 14:36:28.270103,81.31116056181416,8.3,11.49,28.3,28.3,28.3,28.3,92.6,2778,81.5,37,37,37,37,1850,1850,1850,1850,1850,0,0,163,113,63,143,0,0,0,0
2024-06-19 14:36:28.270103,84.86307275655496,8.3,11.49,28.3,28.3,28.3,28.3,92.6,2778,81.5,37,37,37,37,1850,1850,1850,1850,1850,0,0,163,113,63,143,0,0,0,0
2024-06-19 14:36:28.270103,77.97489598627098,8.3,11.49,28.3,28.3,28.3,28.3,92.6,2778,81.5,37,37,37,37,1850,1850,1850,1850,1850,2,0,163,113,63,143,0,0,0,0
2024-06-20 14:36:28.270103,80.42235997297813,8.2,11.459999999999999,28.2,28.2,28.2,28.2,92.4,2772,81.0,38,38,38,38,1900,1900,1900,1900,1900,0,0,162,112,62,142,0,0,0,0
2024-06-20 14:36:28.270103,82.2859756567021,8.2,11.459999999999999,28.2,28.2,28.2,28.2,92.4,2772,81.0,38,38,38,38,1900,1900,1900,1900,1900,0,0,162,112,62,142,0,0,0,0
2024-06-20 14:36:28.270103,78.64988069744574,8.2,11.459999999999999,28.2,28.2,28.2,28.2,92.4,2772,81.0,38,38,38,38,1900,1900,1900,1900,1900,0,1,162,112,62,142,0,0,0,0
2024-06-20 14:36:28.270103,78.19153098747698,8.2,11.459999999999999,28.2,28.2,28.2,28.2,92.4,2772,81.0,38,38,38,38,1900,1900,1900,1900,1900,0,0,162,112,62,142,0,0,0,0
2024-06-20 14:36:28.270103,80.07998484379472,8.2,11.459999999999999,28.2,28.2,28.2,28.2,92.4,2772,81.0,38,38,38,38,1900,1900,1900,1900,1900,0,0,162,112,62,142,0,0,0,0
2024-06-21 14:36:28.270103,80.94210227882039,8.1,11.43,28.1,28.1,28.1,28.1,92.2,2766,80.5,39,39,39,39,1950,1950,1950,1950,1950,0,1,161,111,61,141,0,0,0,0
2024-06-21 14:36:28.270103,78.70838263923135,8.1,11.43,28.1,28.1,28.1,28.1,92.2,2766,80.5,39,39,39,39,1950,1950,1950,1950,1950,0,0,161,111,61,141,0,0,0,0
2024-06-21 14:36:28.270103,83.10620252653948,8.1,11.43,28.1,28.1,28.1,28.1,92.2,2766,80.5,39,39,39,39,1950,1950,1950,1950,1950,2,0,161,111,61,141,0,0,0,0
2024-06-21 14:36:28.270103,81.0639316192361,8.1,11.43,28.1,28.1,28.1,28.1,92.2,2766,80.5,39,39,39,39,1950,1950,1950,1950,1950,0,0,161,111,61,141,0,0,0,0
2024-06-21 14:36:28.270103,79.05330702646728,8.1,11.43,28.1,28.1,28.1,28.1,92.2,2766,80.5,39,39,39,39,1950,1950,1950,1950,1950,0,0,161,111,61,141,0,0,0,0
2024-06-22 14:36:28.270103,78.8614565848294,8.0,11.4,28.0,28.0,28.0,28.0,92.0,2760,80.0,40,40,40,40,2000,2000,2000,2000,2000,0,0,160,110,60,140,0,0,0,0
2024-06-22 14:36:28.270103,80.06748261355953,8.0,11.4,28.0,28.0,28.0,28.0,92.0,2760,80.0,40,40,40,40,2000,2000,2000,2000,2000,0,0,160,110,60,140,0,0,0,0
2024-06-22 14:36:28.270103,77.17009747868555,8.0,11.4,28.0,28.0,28.0,28.0,92.0,2760,80.0,40,40,40,40,2000,2000,2000,2000,2000,0,0,160,110,60,140,0,0,0,0
2024-06-22 14:36:28.270103,79.19448297758316,8.0,11.4,28.0,28.0,28.0,28.0,92.0,2760,80.0,40,40,40,40,2000,2000,2000,2000,2000,0,0,160,110,60,140,0,0,0,0
2024-06-22 14:36:28.270103,80.88388689693369,8.0,11.4,28.0,28.0,28.0,28.0,92.0,2760,80.0,40,40,40,40,2000,2000,2000,2000,2000,0,0,160,110,60,140,0,0,0,0
2024-06-23 14:36:28.270103,76.52106085214399,7.8999999999999995,11.37,27.9,27.9,27.9,27.9,91.8,2754,79.5,41,41,41,41,2050,2050,2050,2050,2050,0,0,159,109,59,139,0,0,0,0
2024-06-23 14:36:28.270103,79.11150998711453,7.8999999999999995,11.37,27.9,27.9,27.9,27.9,91.8,2754,79.5,41,41,41,41,2050,2050,2050,2050,2050,0,1,159,109,59,139,0,0,0,0
2024-06-23 14:36:28.270103,77.85000255565308,7.8999999999999995,11.37,27.9,27.9,27.9,27.9,91.8,2754,79.5,41,41,41,41,2050,2050,2050,2050,2050,0,0,159,109,59,139,0,0,0,0
2024-06-23 14:36:28.270103,76.66272971956792,7.8999999999999995,11.37,27.9,27.9,27.9,27.9,91.8,2754,79.5,41,41,41,41,2050,2050,2050,2050,2050,0,0,159,109,59,139,0,0,0,0
2024-06-23 14:36:28.270103,80.75264812594733,7.8999999999999995,11.37,27.9,27.9,27.9,27.9,91.8,2754,79.5,41,41,41,41,2050,2050,2050,2050,2050,0,0,159,109,59,139,0,0,0,0
2024-06-24 14:36:28.270103,80.19811463462506,7.8,11.34,27.8,27.8,27.8,27.8,91.6,2748,79.0,42,42,42,42,2100,2100,2100,2100,2100,0,0,158,108,58,138,0,0,0,0
2024-06-24 14:36:28.270103,82.2409206768827,7.8,11.34,27.8,27.8,27.8,27.8,91.6,2748,79.0,42,42,42,42,2100,2100,2100,2100,2100,0,0,158,108,58,138,0,0,0,0
2024-06-24 14:36:28.270103,80.45720470353834,7.8,11.34,27.8,27.8,27.8,27.8,91.6,2748,79.0,42,42,42,42,2100,2100,2100,2100,2100,0,1,158,108,58,138,0,0,0,0
2024-06-24 14:36:28.270103,81.55567775902566,7.8,11.34,27.8,27.8,27.8,27.8,91.6,2748,79.0,42,42,42,42,2100,2100,2100,2100,2100,0,1,158,108,58,138,0,0,0,0
2024-06-24 14:36:28.270103,78.18855825008696,7.8,11.34,27.8,27.8,27.8,27.8,91.6,2748,79.0,42,42,42,42,2100,2100,2100,2100,2100,0,0,158,108,58,138,0,0,0,0
2024-06-25 14:36:28.270103,78.71726993503354,7.7,11.309999999999999,27.7,27.7,27.7,27.7,91.4,2742,78.5,43,43,43,43,2150,2150,2150,2150,2150,0,0,157,107,57,137,0,0,0,0
2024-06-25 14:36:28.270103,78.63530749409901,7.7,11.309999999999999,27.7,27.7,27.7,27.7,91.4,2742,78.5,43,43,43,43,2150,2150,2150,2150,2150,0,0,157,107,57,137,0,0,0,0
2024-06-25 14:36:28.270103,77.53070544892279,7.7,11.309999999999999,27.7,27.7,27.7,27.7,91.4,2742,78.5,43,43,43,43,2150,2150,2150,2150,2150,0,0,157,107,57,137,0,0,0,0
2024-06-25 14:36:28.270103,73.51860609739259,7.7,11.309999999999999,27.7,27.7,27.7,27.7,91.4,2742,78.5,43,43,43,43,2150,2150,2150,2150,2150,0,1,157,107,57,137,0,0,0,0
2024-06-25 14:36:28.270103,76.65697512232808,7.7,11.309999999999999,27.7,27.7,27.7,27.7,91.4,2742,78.5,43,43,43,43,2150,2150,2150,2150,2150,2,1,157,107,57,137,0,0,0,0
2024-06-26 14:36:28.270103,79.69249575340808,7.6,11.28,27.6,27.6,27.6,27.6,91.2,2736,78.0,44,44,44,44,2200,2200,2200,2200,2200,0,0,156,106,56,136,0,0,0,0
2024-06-26 14:36:28.270103,76.37909804495375,7.6,11.28,27.6,27.6,27.6,27.6,91.2,2736,78.0,44,44,44,44,2200,2200,2200,2200,2200,0,0,156,106,56,136,0,0,0,0
2024-06-26 14:36:28.270103,79.19190429393619,7.6,11.28,27.6,27.6,27.6,27.6,91.2,2736,78.0,44,44,44,44,2200,2200,2200,2200,2200,0,1,156,106,56,136,0,0,0,0
2024-06-26 14:36:28.270103,78.47338776606202,7.6,11.28,27.6,27.6,27.6,27.6,91.2,2736,78.0,44,44,44,44,2200,2200,2200,2200,2200,0,0,156,106,56,136,0,0,0,0
2024-06-26 14:36:28.270103,79.21949163799799,7.6,11.28,27.6,27.6,27.6,27.6,91.2,2736,78.0,44,44,44,44,2200,2200,2200,2200,2200,0,1,156,106,56,136,0,0,0,0
2024-06-27 14:36:28.270103,81.66397964537406,7.5,11.25,27.5,27.5,27.5,27.5,91.0,2730,77.5,45,45,45,45,2250,2250,2250,2250,2250,0,0,155,105,55,135,0,0,0,0
2024-06-27 14:36:28.270103,76.8404576556773,7.5,11.25,27.5,27.5,27.5,27.5,91.0,2730,77.5,45,45,45,45,2250,2250,2250,2250,2250,0,0,155,105,55,135,0,0,0,0
2024-06-27 14:36:28.270103,81.04834656950429,7.5,11.25,27.5,27.5,27.5,27.5,91.0,2730,77.5,45,45,45,45,2250,2250,2250,2250,2250,1,0,155,105,55,135,0,0,0,0
2024-06-27 14:36:28.270103,76.03610890163117,7.5,11.25,27.5,27.5,27.5,27.5,91.0,2730,77.5,45,45,45,45,2250,2250,2250,2250,2250,0,0,155,105,55,135,0,0,0,0
2024-06-27 14:36:28.270103,80.54768443723971,7.5,11.25,27.5,27.5,27.5,27.5,91.0,2730,77.5,45,45,45,45,2250,2250,2250,2250,2250,1,0,155,105,55,135,0,0,0,0
2024-06-28 14:36:28.270103,77.37819327531476,7.3999999999999995,11.219999999999999,27.4,27.4,27.4,27.4,90.8,2724,77.0,46,46,46,46,2300,2300,2300,2300,2300,0,0,154,104,54,134,0,0,0,0
2024-06-28 14:36:28.270103,79.01033875347314,7.3999999999999995,11.219999999999999,27.4,27.4,27.4,27.4,90.8,2724,77.0,46,46,46,46,2300,2300,2300,2300,2300,0,0,154,104,54,134,0,0,0,0
2024-06-28 14:36:28.270103,80.48515895193995,7.3999999999999995,11.219999999999999,27.4,27.4,27.4,27.4,90.8,2724,77.0,46,46,46,46,2300,2300,2300,2300,2300,0,0,154,104,54,134,0,0,0,0
2024-06-28 14:36:28.270103,78.89230401359501,7.3999999999999995,11.219999999999999,27.4,27.4,27.4,27.4,90.8,2724,77.0,46,46,46,46,2300,2300,2300,2300,2300,0,0,154,104,54,134,0,0,0,0
2024-06-28 14:36:28.270103,77.46811647084041,7.3999999999999995,11.219999999999999,27.4,27.4,27.4,27.4,90.8,2724,77.0,46,46,46,46,2300,2300,2300,2300,2300,0,0,154,104,54,134,0,0,0,0
2024-06-29 14:36:28.270103,75.86298226641397,7.3,11.19,27.3,27.3,27.3,27.3,90.6,2718,76.5,47,47,47,47,2350,2350,2350,2350,2350,2,1,153,103,53,133,0,0,0,0
2024-06-29 14:36:28.270103,79.1003572624654,7.3,11.19,27.3,27.3,27.3,27.3,90.6,2718,76.5,47,47,47,47,2350,2350,2350,2350,2350,0,0,153,103,53,133,0,0,0,0
2024-06-29 14:36:28.270103,75.68923774413425,7.3,11.19,27.3,27.3,27.3,27.3,90.6,2718,76.5,47,47,47,47,2350,2350,2350,2350,2350,0,0,153,103,53,133,0,0,0,0
2024-06-29 14:36:28.270103,81.07416589682559,7.3,11.19,27.3,27.3,27.3,27.3,90.6,2718,76.5,47,47,47,47,2350,2350,2350,2350,2350,1,1,153,103,53,133,0,0,0,0
2024-06-29 14:36:28.270103,77.98082190763617,7.3,11.19,27.3,27.3,27.3,27.3,90.6,2718,76.5,47,47,47,47,2350,2350,2350,2350,2350,0,0,153,103,53,133,0,0,0,0
2024-06-30 14:36:28.270103,77.32190133913521,7.199999999999999,11.16,27.2,27.2,27.2,27.2,90.4,2712,76.0,48,48,48,48,2400,2400,2400,2400,2400,0,0,152,102,52,132,0,0,0,0
2024-06-30 14:36:28.270103,79.91818884898404,7.199999999999999,11.16,27.2,27.2,27.2,27.2,90.4,2712,76.0,48,48,48,48,2400,2400,2400,2400,2400,0,1,152,102,52,132,0,0,0,0
2024-06-30 14:36:28.270103,79.49333540784626,7.199999999999999,11.16,27.2,27.2,27.2,27.2,90.4,2712,76.0,48,48,48,48,2400,2400,2400,2400,2400,2,0,152,102,52,132,0,0,0,0
2024-06-30 14:36:28.270103,80.55162540677887,7.199999999999999,11.16,27.2,27.2,27.2,27.2,90.4,2712,76.0,48,48,48,48,2400,2400,2400,2400,2400,0,0,152,102,52,132,0,0,0,0
2024-06-30 14:36:28.270103,78.5018456229277,7.199999999999999,11.16,27.2,27.2,27.2,27.2,90.4,2712,76.0,48,48,48,48,2400,2400,2400,2400,2400,0,0,152,102,52,132,0,0,0,0
2024-07-01 14:36:28.270103,78.96720736703784,7.1,11.129999999999999,27.1,27.1,27.1,27.1,90.2,2706,75.5,49,49,49,49,2450,2450,2450,2450,2450,0,0,151,101,51,131,0,0,0,0
2024-07-01 14:36:28.270103,76.07658167844849,7.1,11.129999999999999,27.1,27.1,27.1,27.1,90.2,2706,75.5,49,49,49,49,2450,2450,2450,2450,2450,0,0,151,101,51,131,0,0,0,0
2024-07-01 14:36:28.270103,78.34632588374747,7.1,11.129999999999999,27.1,27.1,27.1,27.1,90.2,2706,75.5,49,49,49,49,2450,2450,2450,2450,2450,0,1,151,101,51,131,0,0,0,0
2024-07-01 14:36:28.270103,77.06830654660774,7.1,11.129999999999999,27.1,27.1,27.1,27.1,90.2,2706,75.5,49,49,49,49,2450,2450,2450,2450,2450,1,1,151,101,51,131,0,0,0,0
2024-07-01 14:36:28.270103,78.22747570955922,7.1,11.129999999999999,27.1,27.1,27.1,27.1,90.2,2706,75.5,49,49,49,49,2450,2450,2450,2450,2450,0,1,151,101,51,131,0,0,0,0
2024-07-02 14:36:28.270103,78.14415783740075,7.0,11.1,27.0,27.0,27.0,27.0,90.0,2700,75.0,50,50,50,50,2500,2500,2500,2500,2500,0,0,150,100,50,130,0,0,0,0
2024-07-02 14:36:28.270103,74.3916502678467,7.0,11.1,27.0,27.0,27.0,27.0,90.0,2700,75.0,50,50,50,50,2500,2500,2500,2500,2500,0,1,150,100,50,130,0,0,0,0
2024-07-02 14:36:28.270103,76.28175436680161,7.0,11.1,27.0,27.0,27.0,27.0,90.0,2700,75.0,50,50,50,50,2500,2500,2500,2500,2500,0,0,150,100,50,130,0,0,0,0
2024-07-02 14:36:28.270103,81.16551405894376,7.0,11.1,27.0,27.0,27.0,27.0,90.0,2700,75.0,50,50,50,50,2500,2500,2500,2500,2500,2,0,150,100,50,130,0,0,0,0
2024-07-02 14:36:28.270103,76.65361343813785,7.0,11.1,27.0,27.0,27.0,27.0,90.0,2700,75.0,50,50,50,50,2500,2500,2500,2500,2500,0,1,150,100,50,130,0,0,0,0
2024-07-03 14:36:28.270103,77.46176294531979,6.8999999999999995,11.07,26.9,26.9,26.9,26.9,89.8,2694,74.5,51,51,51,51,2550,2550,2550,2550,2550,2,0,149,99,49,129,0,0,0,0
2024-07-03 14:36:28.270103,76.69756417297505,6.8999999999999995,11.07,26.9,26.9,26.9,26.9,89.8,2694,74.5,51,51,51,51,2550,2550,2550,2550,2550,0,1,149,99,49,129,0,0,0,0
2024-07-03 14:36:28.270103,77.15915812088308,6.8999999999999995,11.07,26.9,26.9,26.9,26.9,89.8,2694,74.5,51,51,51,51,2550,2550,2550,2550,2550,2,0,149,99,49,129,0,0,0,0
2024-07-03 14:36:28.270103,78.87794752299864,6.8999999999999995,11.07,26.9,26.9,26.9,26.9,89.8,2694,74.5,51,51,51,51,2550,2550,2550,2550,2550,0,0,149,99,49,129,0,0,0,0
2024-07-03 14:36:28.270103,79.33145769963487,6.8999999999999995,11.07,26.9,26.9,26.9,26.9,89.8,2694,74.5,51,51,51,51,2550,2550,2550,2550,2550,0,0,149,99,49,129,0,0,0,0
2024-07-04 14:36:28.270103,73.09591995588487,6.8,11.04,26.8,26.8,26.8,26.8,89.6,2688,74.0,52,52,52,52,2600,2600,2600,2600,2600,0,1,148,98,48,128,0,0,0,0
2024-07-04 14:36:28.270103,78.32779917428824,6.8,11.04,26.8,26.8,26.8,26.8,89.6,2688,74.0,52,52,52,52,2600,2600,2600,2600,2600,0,0,148,98,48,128,0,0,0,0
2024-07-04 14:36:28.270103,79.54570205052926,6.8,11.04,26.8,26.8,26.8,26.8,89.6,2688,74.0,52,52,52,52,2600,2600,2600,2600,2600,0,0,148,98,48,128,0,0,0,0
2024-07-04 14:36:28.270103,75.95006222754017,6.8,11.04,26.8,26.8,26.8,26.8,89.6,2688,74.0,52,52,52,52,2600,2600,2600,2600,2600,0,0,148,98,48,128,0,0,0,0
2024-07-04 14:36:28.270103,78.28509787971875,6.8,11.04,26.8,26.8,26.8,26.8,89.6,2688,74.0,52,52,52,52,2600,2600,2600,2600,2600,0,0,148,98,48,128,0,0,0,0
2024-07-05 14:36:28.270103,80.14854583654304,6.699999999999999,11.01,26.7,26.7,26.7,26.7,89.4,2682,73.5,53,53,53,53,2650,2650,2650,2650,2650,0,0,147,97,47,127,0,0,0,0
2024-07-05 14:36:28.270103,75.99023248973916,6.699999999999999,11.01,26.7,26.7,26.7,26.7,89.4,2682,73.5,53,53,53,53,2650,2650,2650,2650,2650,0,0,147,97,47,127,0,0,0,0
2024-07-05 14:36:28.270103,78.59188685294937,6.699999999999999,11.01,26.7,26.7,26.7,26.7,89.4,2682,73.5,53,53,53,53,2650,2650,2650,2650,2650,0,0,147,97,47,127,0,0,0,0
2024-07-05 14:36:28.270103,75.26764933837674,6.699999999999999,11.01,26.7,26.7,26.7,26.7,89.4,2682,73.5,53,53,53,53,2650,2650,2650,2650,2650,0,1,147,97,47,127,0,0,0,0
2024-07-05 14:36:28.270103,75.24916086411271,6.699999999999999,11.01,26.7,26.7,26.7,26.7,89.4,2682,73.5,53,53,53,53,2650,2650,2650,2650,2650,0,0,147,97,47,127,0,0,0,0
2024-07-06 14:36:28.270103,78.41647611521596,6.6,10.98,26.6,26.6,26.6,26.6,89.2,2676,73.0,54,54,54,54,2700,2700,2700,2700,2700,0,0,146,96,46,126,0,0,0,0
2024-07-06 14:36:28.270103,78.42029251120479,6.6,10.98,26.6,26.6,26.6,26.6,89.2,2676,73.0,54,54,54,54,2700,2700,2700,2700,2700,0,1,146,96,46,126,0,0,0,0
2024-07-06 14:36:28.270103,75.5444223027154,6.6,10.98,26.6,26.6,26.6,26.6,89.2,2676,73.0,54,54,54,54,2700,2700,2700,2700,2700,0,0,146,96,46,126,0,0,0,0
2024-07-06 14:36:28.270103,75.06344889329786,6.6,10.98,26.6,26.6,26.6,26.6,89.2,2676,73.0,54,54,54,54,2700,2700,2700,2700,2700,1,0,146,96,46,126,0,0,0,0
2024-07-06 14:36:28.270103,79.86239279303746,6.6,10.98,26.6,26.6,26.6,26.6,89.2,2676,73.0,54,54,54,54,2700,2700,2700,2700,2700,1,1,146,96,46,126,0,0,0,0
2024-07-07 14:36:28.270103,78.88238445698715,6.5,10.95,26.5,26.5,26.5,26.5,89.0,2670,72.5,55,55,55,55,2750,2750,2750,2750,2750,0,0,145,95,45,125,0,0,0,0
2024-07-07 14:36:28.270103,78.35911301596417,6.5,10.95,26.5,26.5,26.5,26.5,89.0,2670,72.5,55,55,55,55,2750,2750,2750,2750,2750,0,0,145,95,45,125,0,0,0,0
2024-07-07 14:36:28.270103,73.94262681062169,6.5,10.95,26.5,26.5,26.5,26.5,89.0,2670,72.5,55,55,55,55,2750,2750,2750,2750,2750,0,0,145,95,45,125,0,0,0,0
2024-07-07 14:36:28.270103,76.84047087489911,6.5,10.95,26.5,26.5,26.5,26.5,89.0,2670,72.5,55,55,55,55,2750,2750,2750,2750,2750,2,0,145,95,45,125,0,0,0,0
2024-07-07 14:36:28.270103,80.52905957594005,6.5,10.95,26.5,26.5,26.5,26.5,89.0,2670,72.5,55,55,55,55,2750,2750,2750,2750,2750,0,0,145,95,45,125,0,0,0,0
2024-07-08 14:36:28.270103,77.94796480155561,6.3999999999999995,10.92,26.4,26.4,26.4,26.4,88.8,2664,72.0,56,56,56,56,2800,2800,2800,2800,2800,2,0,144,94,44,124,0,0,0,0
2024-07-08 14:36:28.270103,80.41367307200485,6.3999999999999995,10.92,26.4,26.4,26.4,26.4,88.8,2664,72.0,56,56,56,56,2800,2800,2800,2800,2800,0,0,144,94,44,124,0,0,0,0
2024-07-08 14:36:28.270103,74.4659307424438,6.3999999999999995,10.92,26.4,26.4,26.4,26.4,88.8,2664,72.0,56,56,56,56,2800,2800,2800,2800,2800,0,0,144,94,44,124,0,0,0,0
2024-07-08 14:36:28.270103,81.47631744829106,6.3999999999999995,10.92,26.4,26.4,26.4,26.4,88.8,2664,72.0,56,56,56,56,2800,2800,2800,2800,2800,0,0,144,94,44,124,0,0,0,0
2024-07-08 14:36:28.270103,74.69078436489353,6.3999999999999995,10.92,26.4,26.4,26.4,26.4,88.8,2664,72.0,56,56,56,56,2800,2800,2800,2800,2800,0,0,144,94,44,124,0,0,0,0
2024-07-09 14:36:28.270103,73.33118291561682,6.3,10.89,26.3,26.3,26.3,26.3,88.6,2658,71.5,57,57,57,57,2850,2850,2850,2850,2850,0,1,143,93,43,123,0,0,0,0
2024-07-09 14:36:28.270103,72.2336226446627,6.3,10.89,26.3,26.3,26.3,26.3,88.6,2658,71.5,57,57,57,57,2850,2850,2850,2850,2850,0,1,143,93,43,123,0,0,0,0
2024-07-09 14:36:28.270103,77.85928455062204,6.3,10.89,26.3,26.3,26.3,26.3,88.6,2658,71.5,57,57,57,57,2850,2850,2850,2850,2850,0,0,143,93,43,123,0,0,0,0
2024-07-09 14:36:28.270103,75.20448935721767,6.3,10.89,26.3,26.3,26.3,26.3,88.6,2658,71.5,57,57,57,57,2850,2850,2850,2850,2850,2,0,143,93,43,123,0,0,0,0
2024-07-09 14:36:28.270103,76.74946978467075,6.3,10.89,26.3,26.3,26.3,26.3,88.6,2658,71.5,57,57,57,57,2850,2850,2850,2850,2850,0,0,143,93,43,123,0,0,0,0
2024-07-10 14:36:28.270103,74.41682354744844,6.199999999999999,10.86,26.2,26.2,26.2,26.2,88.4,2652,71.0,58,58,58,58,2900,2900,2900,2900,2900,0,1,142,92,42,122,0,0,0,0
2024-07-10 14:36:28.270103,74.91171442281885,6.199999999999999,10.86,26.2,26.2,26.2,26.2,88.4,2652,71.0,58,58,58,58,2900,2900,2900,2900,2900,1,0,142,92,42,122,0,0,0,0
2024-07-10 14:36:28.270103,75.69810178999542,6.199999999999999,10.86,26.2,26.2,26.2,26.2,88.4,2652,71.0,58,58,58,58,2900,2900,2900,2900,2900,1,0,142,92,42,122,0,0,0,0
2024-07-10 14:36:28.270103,75.34864176164628,6.199999999999999,10.86,26.2,26.2,26.2,26.2,88.4,2652,71.0,58,58,58,58,2900,2900,2900,2900,2900,0,0,142,92,42,122,0,0,0,0
2024-07-10 14:36:28.270103,74.99995277709404,6.199999999999999,10.86,26.2,26.2,26.2,26.2,88.4,2652,71.0,58,58,58,58,2900,2900,2900,2900,2900,0,0,142,92,42,122,0,0,0,0
2024-07-11 14:36:28.270103,80.17873477775538,6.1,10.83,26.1,26.1,26.1,26.1,88.2,2646,70.5,59,59,59,59,2950,2950,2950,2950,2950,0,0,141,91,41,121,0,0,0,0
2024-07-11 14:36:28.270103,75.67716652583418,6.1,10.83,26.1,26.1,26.1,26.1,88.2,2646,70.5,59,59,59,59,2950,2950,2950,2950,2950,0,0,141,91,41,121,0,0,0,0
2024-07-11 14:36:28.270103,74.83287009011104,6.1,10.83,26.1,26.1,26.1,26.1,88.2,2646,70.5,59,59,59,59,2950,2950,2950,2950,2950,0,0,141,91,41,121,0,0,0,0
2024-07-11 14:36:28.270103,78.02420254752097,6.1,10.83,26.1,26.1,26.1,26.1,88.2,2646,70.5,59,59,59,59,2950,2950,2950,2950,2950,1,0,141,91,41,121,0,0,0,0
2024-07-11 14:36:28.270103,76.82966177746945,6.1,10.83,26.1,26.1,26.1,26.1,88.2,2646,70.5,59,59,59,59,2950,2950,2950,2950,2950,0,0,141,91,41,121,0,0,0,0
2024-07-12 14:36:28.270103,73.74050758941533,6.0,10.8,26.0,26.0,26.0,26.0,88.0,2640,70.0,60,60,60,60,3000,3000,3000,3000,3000,0,0,140,90,40,120,0,0,0,0
2024-07-12 14:36:28.270103,74.17889046540466,6.0,10.8,26.0,26.0,26.0,26.0,88.0,2640,70.0,60,60,60,60,3000,3000,3000,3000,3000,0,0,140,90,40,120,0,0,0,0
2024-07-12 14:36:28.270103,77.909183617762,6.0,10.8,26.0,26.0,26.0,26.0,88.0,2640,70.0,60,60,60,60,3000,3000,3000,3000,3000,0,0,140,90,40,120,0,0,0,0
2024-07-12 14:36:28.270103,77.30804612072025,6.0,10.8,26.0,26.0,26.0,26.0,88.0,2640,70.0,60,60,60,60,3000,3000,3000,3000,3000,0,0,140,90,40,120,0,0,0,0
2024-07-12 14:36:28.270103,74.48719536259328,6.0,10.8,26.0,26.0,26.0,26.0,88.0,2640,70.0,60,60,60,60,3000,3000,3000,3000,3000,0,1,140,90,40,120,0,0,0,0
2024-07-13 14:36:28.270103,77.33077428838736,5.8999999999999995,10.77,25.9,25.9,25.9,25.9,87.8,2634,69.5,61,61,61,61,3050,3050,3050,3050,3050,0,1,139,89,39,119,0,0,0,0
2024-07-13 14:36:28.270103,73.75633139348999,5.8999999999999995,10.77,25.9,25.9,25.9,25.9,87.8,2634,69.5,61,61,61,61,3050,3050,3050,3050,3050,2,0,139,89,39,119,0,0,0,0
2024-07-13 14:36:28.270103,77.74871241061658,5.8999999999999995,10.77,25.9,25.9,25.9,25.9,87.8,2634,69.5,61,61,61,61,3050,3050,3050,3050,3050,0,1,139,89,39,119,0,0,0,0
2024-07-13 14:36:28.270103,76.18404442721115,5.8999999999999995,10.77,25.9,25.9,25.9,25.9,87.8,2634,69.5,61,61,61,61,3050,3050,3050,3050,3050,0,1,139,89,39,119,0,0,0,0
2024-07-13 14:36:28.270103,72.40671051946484,5.8999999999999995,10.77,25.9,25.9,25.9,25.9,87.8,2634,69.5,61,61,61,61,3050,3050,3050,3050,3050,0,0,139,89,39,119,0,0,0,0
2024-07-14 14:36:28.270103,71.59629264918384,5.8,10.74,25.8,25.8,25.8,25.8,87.6,2628,69.0,62,62,62,62,3100,3100,3100,3100,3100,0,1,138,88,38,118,0,0,0,0
2024-07-14 14:36:28.270103,72.59823518509432,5.8,10.74,25.8,25.8,25.8,25.8,87.6,2628,69.0,62,62,62,62,3100,3100,3100,3100,3100,1,0,138,88,38,118,0,0,0,0
2024-07-14 14:36:28.270103,71.82541883757737,5.8,10.74,25.8,25.8,25.8,25.8,87.6,2628,69.0,62,62,62,62,3100,3100,3100,3100,3100,0,0,138,88,38,118,0,0,0,0
2024-07-14 14:36:28.270103,72.22508520399585,5.8,10.74,25.8,25.8,25.8,25.8,87.6,2628,69.0,62,62,62,62,3100,3100,3100,3100,3100,0,0,138,88,38,118,0,0,0,0
2024-07-14 14:36:28.270103,75.12248268552894,5.8,10.74,25.8,25.8,25.8,25.8,87.6,2628,69.0,62,62,62,62,3100,3100,3100,3100,3100,1,0,138,88,38,118,0,0,0,0
2024-07-15 14:36:28.270103,76.21320212903296,5.699999999999999,10.709999999999999,25.7,25.7,25.7,25.7,87.4,2622,68.5,63,63,63,63,3150,3150,3150,3150,3150,0,0,137,87,37,117,0,0,0,0
2024-07-15 14:36:28.270103,76.96166710438465,5.699999999999999,10.709999999999999,25.7,25.7,25.7,25.7,87.4,2622,68.5,63,63,63,63,3150,3150,3150,3150,3150,1,0,137,87,37,117,0,0,0,0
2024-07-15 14:36:28.270103,75.29404723146632,5.699999999999999,10.709999999999999,25.7,25.7,25.7,25.7,87.4,2622,68.5,63,63,63,63,3150,3150,3150,3150,3150,2,0,137,87,37,117,0,0,0,0
2024-07-15 14:36:28.270103,75.49216549547984,5.699999999999999,10.709999999999999,25.7,25.7,25.7,25.7,87.4,2622,68.5,63,63,63,63,3150,3150,3150,3150,3150,0,0,137,87,37,117,0,0,0,0
2024-07-15 14:36:28.270103,76.51220284271741,5.699999999999999,10.709999999999999,25.7,25.7,25.7,25.7,87.4,2622,68.5,63,63,63,63,3150,3150,3150,3150,3150,0,1,137,87,37,117,0,0,0,0
2024-07-16 14:36:28.270103,76.85274039384906,5.6,10.68,25.6,25.6,25.6,25.6,87.2,2616,68.0,64,64,64,64,3200,3200,3200,3200,3200,0,1,136,86,36,116,0,0,0,0
2024-07-16 14:36:28.270103,75.15861239893715,5.6,10.68,25.6,25.6,25.6,25.6,87.2,2616,68.0,64,64,64,64,3200,3200,3200,3200,3200,0,0,136,86,36,116,0,0,0,0
2024-07-16 14:36:28.270103,77.2425698767657,5.6,10.68,25.6,25.6,25.6,25.6,87.2,2616,68.0,64,64,64,64,3200,3200,3200,3200,3200,0,1,136,86,36,116,0,0,0,0
2024-07-16 14:36:28.270103,72.15811405919452,5.6,10.68,25.6,25.6,25.6,25.6,87.2,2616,68.0,64,64,64,64,3200,3200,3200,3200,3200,2,0,136,86,36,116,0,0,0,0
2024-07-16 14:36:28.270103,76.92066147034852,5.6,10.68,25.6,25.6,25.6,25.6,87.2,2616,68.0,64,64,64,64,3200,3200,3200,3200,3200,2,1,136,86,36,116,0,0,0,0
2024-07-17 14:36:28.270103,74.46819159600781,5.5,10.65,25.5,25.5,25.5,25.5,87.0,2610,67.5,65,65,65,65,3250,3250,3250,3250,3250,1,0,135,85,35,115,0,0,0,0
2024-07-17 14:36:28.270103,74.61112795005087,5.5,10.65,25.5,25.5,25.5,25.5,87.0,2610,67.5,65,65,65,65,3250,3250,3250,3250,3250,0,1,135,85,35,115,0,0,0,0
2024-07-17 14:36:28.270103,72.94117029481907,5.5,10.65,25.5,25.5,25.5,25.5,87.0,2610,67.5,65,65,65,65,3250,3250,3250,3250,3250,0,0,135,85,35,115,0,0,0,0
2024-07-17 14:36:28.270103,75.28048973568187,5.5,10.65,25.5,25.5,25.5,25.5,87.0,2610,67.5,65,65,65,65,3250,3250,3250,3250,3250,0,0,135,85,35,115,0,0,0,0
2024-07-17 14:36:28.270103,70.37591962762227,5.5,10.65,25.5,25.5,25.5,25.5,87.0,2610,67.5,65,65,65,65,3250,3250,3250,3250,3250,0,0,135,85,35,115,0,0,0,0
2024-07-18 14:36:28.270103,77.01346721130919,5.3999999999999995,10.62,25.4,25.4,25.4,25.4,86.8,2604,67.0,66,66,66,66,3300,3300,3300,3300,3300,0,0,134,84,34,114,0,0,0,0
2024-07-18 14:36:28.270103,76.93503794005476,5.3999999999999995,10.62,25.4,25.4,25.4,25.4,86.8,2604,67.0,66,66,66,66,3300,3300,3300,3300,3300,0,1,134,84,34,114,0,0,0,0
2024-07-18 14:36:28.270103,75.64003892570724,5.3999999999999995,10.62,25.4,25.4,25.4,25.4,86.8,2604,67.0,66,66,66,66,3300,3300,3300,3300,3300,0,1,134,84,34,114,0,0,0,0
2024-07-18 14:36:28.270103,74.02199660492202,5.3999999999999995,10.62,25.4,25.4,25.4,25.4,86.8,2604,67.0,66,66,66,66,3300,3300,3300,3300,3300,1,0,134,84,34,114,0,0,0,0
2024-07-18 14:36:28.270103,75.77491186132477,5.3999999999999995,10.62,25.4,25.4,25.4,25.4,86.8,2604,67.0,66,66,66,66,3300,3300,3300,3300,3300,0,0,134,84,34,114,0,0,0,0
2024-07-19 14:36:28.270103,73.67805588287982,5.3,10.59,25.3,25.3,25.3,25.3,86.6,2598,66.5,67,67,67,67,3350,3350,3350,3350,3350,0,0,133,83,33,113,0,0,0,0
2024-07-19 14:36:28.270103,73.23851326503093,5.3,10.59,25.3,25.3,25.3,25.3,86.6,2598,66.5,67,67,67,67,3350,3350,3350,3350,3350,0,0,133,83,33,113,0,0,0,0
2024-07-19 14:36:28.270103,70.45582151936658,5.3,10.59,25.3,25.3,25.3,25.3,86.6,2598,66.5,67,67,67,67,3350,3350,3350,3350,3350,0,1,133,83,33,113,0,0,0,0
2024-07-19 14:36:28.270103,75.43552350052117,5.3,10.59,25.3,25.3,25.3,25.3,86.6,2598,66.5,67,67,67,67,3350,3350,3350,3350,3350,0,0,133,83,33,113,0,0,0,0
2024-07-19 14:36:28.270103,73.81543076566547,5.3,10.59,25.3,25.3,25.3,25.3,86.6,2598,66.5,67,67,67,67,3350,3350,3350,3350,3350,1,1,133,83,33,113,0,0,0,0
2024-07-20 14:36:28.270103,74.60176007670991,5.199999999999999,10.559999999999999,25.2,25.2,25.2,25.2,86.4,2592,66.0,68,68,68,68,3400,3400,3400,3400,3400,2,0,132,82,32,112,0,0,0,0
2024-07-20 14:36:28.270103,72.13446596670114,5.199999999999999,10.559999999999999,25.2,25.2,25.2,25.2,86.4,2592,66.0,68,68,68,68,3400,3400,3400,3400,3400,0,1,132,82,32,112,0,0,0,0
2024-07-20 14:36:28.270103,71.62387528202807,5.199999999999999,10.559999999999999,25.2,25.2,25.2,25.2,86.4,2592,66.0,68,68,68,68,3400,3400,3400,3400,3400,0,0,132,82,32,112,0,0,0,0
2024-07-20 14:36:28.270103,74.92077019712673,5.199999999999999,10.559999999999999,25.2,25.2,25.2,25.2,86.4,2592,66.0,68,68,68,68,3400,3400,3400,3400,3400,0,1,132,82,32,112,0,0,0,0
2024-07-20 14:36:28.270103,71.68905836274607,5.199999999999999,10.559999999999999,25.2,25.2,25.2,25.2,86.4,2592,66.0,68,68,68,68,3400,3400,3400,3400,3400,0,0,132,82,32,112,0,0,0,0
2024-07-21 14:36:28.270103,74.22373013863147,5.1,10.53,25.1,25.1,25.1,25.1,86.2,2586,65.5,69,69,69,69,3450,3450,3450,3450,3450,0,0,131,81,31,111,0,0,0,0
2024-07-21 14:36:28.270103,71.15015473707682,5.1,10.53,25.1,25.1,25.1,25.1,86.2,2586,65.5,69,69,69,69,3450,3450,3450,3450,3450,1,0,131,81,31,111,0,0,0,0
2024-07-21 14:36:28.270103,73.0454103003975,5.1,10.53,25.1,25.1,25.1,25.1,86.2,2586,65.5,69,69,69,69,3450,3450,3450,3450,3450,1,0,131,81,31,111,0,0,0,0
2024-07-21 14:36:28.270103,73.23033351169012,5.1,10.53,25.1,25.1,25.1,25.1,86.2,2586,65.5,69,69,69,69,3450,3450,3450,3450,3450,0,1,131,81,31,111,0,0,0,0
2024-07-21 14:36:28.270103,72.89913803766736,5.1,10.53,25.1,25.1,25.1,25.1,86.2,2586,65.5,69,69,69,69,3450,3450,3450,3450,3450,0,0,131,81,31,111,0,0,0,0
2024-07-22 14:36:28.270103,71.39818830924101,5.0,10.5,25.0,25.0,25.0,25.0,86.0,2580,65.0,70,70,70,70,3500,3500,3500,3500,3500,0,0,130,80,30,110,0,0,0,0
2024-07-22 14:36:28.270103,71.0133653308478,5.0,10.5,25.0,25.0,25.0,25.0,86.0,2580,65.0,70,70,70,70,3500,3500,3500,3500,3500,0,0,130,80,30,110,0,0,0,0
2024-07-22 14:36:28.270103,75.9812897529975,5.0,10.5,25.0,25.0,25.0,25.0,86.0,2580,65.0,70,70,70,70,3500,3500,3500,3500,3500,0,1,130,80,30,110,0,0,0,0
2024-07-22 14:36:28.270103,71.95650760375221,5.0,10.5,25.0,25.0,25.0,25.0,86.0,2580,65.0,70,70,70,70,3500,3500,3500,3500,3500,1,0,130,80,30,110,0,0,0,0
2024-07-22 14:36:28.270103,70.61796596581765,5.0,10.5,25.0,25.0,25.0,25.0,86.0,2580,65.0,70,70,70,70,3500,3500,3500,3500,3500,1,0,130,80,30,110,0,0,0,0
2024-07-23 14:36:28.270103,73.59165592628565,4.8999999999999995,10.5,24.9,24.9,24.9,24.9,85.8,2574,64.5,71,71,71,71,3550,3550,3550,3550,3550,0,0,129,79,29,109,0,1,0,0
2024-07-23 14:36:28.270103,70.14341005072306,4.8999999999999995,10.5,24.9,24.9,24.9,24.9,85.8,2574,64.5,71,71,71,71,3550,3550,3550,3550,3550,0,0,129,79,29,109,0,1,0,0
2024-07-23 14:36:28.270103,74.83298418210617,4.8999999999999995,10.5,24.9,24.9,24.9,24.9,85.8,2574,64.5,71,71,71,71,3550,3550,3550,3550,3550,0,1,129,79,29,109,0,1,0,0
2024-07-23 14:36:28.270103,73.9600034222304,4.8999999999999995,10.5,24.9,24.9,24.9,24.9,85.8,2574,64.5,71,71,71,71,3550,3550,3550,3550,3550,2,0,129,79,29,109,0,1,0,0
2024-07-23 14:36:28.270103,72.78005776952455,4.8999999999999995,10.5,24.9,24.9,24.9,24.9,85.8,2574,64.5,71,71,71,71,3550,3550,3550,3550,3550,0,0,129,79,29,109,0,1,0,0
2024-07-24 14:36:28.270103,69.79004268836248,4.8,10.5,24.8,24.8,24.8,24.8,85.6,2568,64.0,72,72,72,72,3600,3600,3600,3600,3600,0,0,128,78,28,108,0,1,0,0
2024-07-24 14:36:28.270103,74.9056549500366,4.8,10.5,24.8,24.8,24.8,24.8,85.6,2568,64.0,72,72,72,72,3600,3600,3600,3600,3600,2,0,128,78,28,108,0,1,0,0
2024-07-24 14:36:28.270103,70.88019039665251,4.8,10.5,24.8,24.8,24.8,24.8,85.6,2568,64.0,72,72,72,72,3600,3600,3600,3600,3600,2,1,128,78,28,108,0,1,0,0
2024-07-24 14:36:28.270103,72.6067640967768,4.8,10.5,24.8,24.8,24.8,24.8,85.6,2568,64.0,72,72,72,72,3600,3600,3600,3600,3600,0,1,128,78,28,108,0,1,0,0
2024-07-24 14:36:28.270103,73.26074958079397,4.8,10.5,24.8,24.8,24.8,24.8,85.6,2568,64.0,72,72,72,72,3600,3600,3600,3600,3600,2,0,128,78,28,108,0,1,0,0
2024-07-25 14:36:28.270103,71.20823359754573,4.699999999999999,10.5,24.7,24.7,24.7,24.7,85.4,2562,63.5,73,73,73,73,3650,3650,3650,3650,3650,0,1,127,77,27,107,0,1,0,0
2024-07-25 14:36:28.270103,75.79895590797582,4.699999999999999,10.5,24.7,24.7,24.7,24.7,85.4,2562,63.5,73,73,73,73,3650,3650,3650,3650,3650,0,0,127,77,27,107,0,1,0,0
2024-07-25 14:36:28.270103,69.3486746129395,4.699999999999999,10.5,24.7,24.7,24.7,24.7,85.4,2562,63.5,73,73,73,73,3650,3650,3650,3650,3650,2,1,127,77,27,107,0,1,0,0
2024-07-25 14:36:28.270103,73.69582982731957,4.699999999999999,10.5,24.7,24.7,24.7,24.7,85.4,2562,63.5,73,73,73,73,3650,3650,3650,3650,3650,0,0,127,77,27,107,0,1,0,0
2024-07-25 14:36:28.270103,73.96421342800858,4.699999999999999,10.5,24.7,24.7,24.7,24.7,85.4,2562,63.5,73,73,73,73,3650,3650,3650,3650,3650,0,0,127,77,27,107,0,1,0,0
2024-07-26 14:36:28.270103,69.56678757370042,4.6,10.5,24.6,24.6,24.6,24.6,85.2,2556,63.0,74,74,74,74,3700,3700,3700,3700,3700,0,0,126,76,26,106,0,1,0,0
2024-07-26 14:36:28.270103,74.5584614964033,4.6,10.5,24.6,24.6,24.6,24.6,85.2,2556,63.0,74,74,74,74,3700,3700,3700,3700,3700,1,0,126,76,26,106,0,1,0,0
2024-07-26 14:36:28.270103,73.78419574970974,4.6,10.5,24.6,24.6,24.6,24.6,85.2,2556,63.0,74,74,74,74,3700,3700,3700,3700,3700,0,0,126,76,26,106,0,1,0,0
2024-07-26 14:36:28.270103,72.25089856667755,4.6,10.5,24.6,24.6,24.6,24.6,85.2,2556,63.0,74,74,74,74,3700,3700,3700,3700,3700,0,0,126,76,26,106,0,1,0,0
2024-07-26 14:36:28.270103,71.56731061186942,4.6,10.5,24.6,24.6,24.6,24.6,85.2,2556,63.0,74,74,74,74,3700,3700,3700,3700,3700,1,0,126,76,26,106,0,1,0,0
2024-07-27 14:36:28.270103,72.37465401204425,4.5,10.5,24.5,24.5,24.5,24.5,85.0,2550,62.5,75,75,75,75,3750,3750,3750,3750,3750,0,1,125,75,25,105,0,1,0,0
2024-07-27 14:36:28.270103,70.52697242045997,4.5,10.5,24.5,24.5,24.5,24.5,85.0,2550,62.5,75,75,75,75,3750,3750,3750,3750,3750,1,0,125,75,25,105,0,1,0,0
2024-07-27 14:36:28.270103,71.45157881596782,4.5,10.5,24.5,24.5,24.5,24.5,85.0,2550,62.5,75,75,75,75,3750,3750,3750,3750,3750,0,0,125,75,25,105,0,1,0,0
2024-07-27 14:36:28.270103,71.01570454250974,4.5,10.5,24.5,24.5,24.5,24.5,85.0,2550,62.5,75,75,75,75,3750,3750,3750,3750,3750,1,0,125,75,25,105,0,1,0,0
2024-07-27 14:36:28.270103,71.62166335261813,4.5,10.5,24.5,24.5,24.5,24.5,85.0,2550,62.5,75,75,75,75,3750,3750,3750,3750,3750,0,0,125,75,25,105,0,1,0,0
2024-07-28 14:36:28.270103,70.22205028505408,4.3999999999999995,10.5,24.4,24.4,24.4,24.4,84.8,2544,62.0,76,76,76,76,3800,3800,3800,3800,3800,0,0,124,74,24,104,0,1,0,0
2024-07-28 14:36:28.270103,75.23147826307697,4.3999999999999995,10.5,24.4,24.4,24.4,24.4,84.8,2544,62.0,76,76,76,76,3800,3800,3800,3800,3800,0,0,124,74,24,104,0,1,0,0
2024-07-28 14:36:28.270103,74.24853665911648,4.3999999999999995,10.5,24.4,24.4,24.4,24.4,84.8,2544,62.0,76,76,76,76,3800,3800,3800,3800,3800,2,1,124,74,24,104,0,1,0,0
2024-07-28 14:36:28.270103,71.74015286012047,4.3999999999999995,10.5,24.4,24.4,24.4,24.4,84.8,2544,62.0,76,76,76,76,3800,3800,3800,3800,3800,0,0,124,74,24,104,0,1,0,0
2024-07-28 14:36:28.270103,72.31486890964844,4.3999999999999995,10.5,24.4,24.4,24.4,24.4,84.8,2544,62.0,76,76,76,76,3800,3800,3800,3800,3800,1,0,124,74,24,104,0,1,0,0
2024-07-29 14:36:28.270103,75.81898552798329,4.3,10.5,24.3,24.3,24.3,24.3,84.6,2538,61.5,77,77,77,77,3850,3850,3850,3850,3850,0,1,123,73,23,103,0,1,0,0
2024-07-29 14:36:28.270103,76.20617845024297,4.3,10.5,24.3,24.3,24.3,24.3,84.6,2538,61.5,77,77,77,77,3850,3850,3850,3850,3850,0,0,123,73,23,103,0,1,0,0
2024-07-29 14:36:28.270103,70.19048923762159,4.3,10.5,24.3,24.3,24.3,24.3,84.6,2538,61.5,77,77,77,77,3850,3850,3850,3850,3850,0,0,123,73,23,103,0,1,0,0
2024-07-29 14:36:28.270103,71.26136510212254,4.3,10.5,24.3,24.3,24.3,24.3,84.6,2538,61.5,77,77,77,77,3850,3850,3850,3850,3850,1,0,123,73,23,103,0,1,0,0
2024-07-29 14:36:28.270103,70.24474215465042,4.3,10.5,24.3,24.3,24.3,24.3,84.6,2538,61.5,77,77,77,77,3850,3850,3850,3850,3850,0,0,123,73,23,103,0,1,0,0
2024-07-30 14:36:28.270103,70.54100996538773,4.199999999999999,10.5,24.2,24.2,24.2,24.2,84.4,2532,61.0,78,78,78,78,3900,3900,3900,3900,3900,0,0,122,72,22,102,0,1,0,0
2024-07-30 14:36:28.270103,73.42824133049251,4.199999999999999,10.5,24.2,24.2,24.2,24.2,84.4,2532,61.0,78,78,78,78,3900,3900,3900,3900,3900,0,0,122,72,22,102,0,1,0,0
2024-07-30 14:36:28.270103,69.64356256015311,4.199999999999999,10.5,24.2,24.2,24.2,24.2,84.4,2532,61.0,78,78,78,78,3900,3900,3900,3900,3900,0,0,122,72,22,102,0,1,0,0
2024-07-30 14:36:28.270103,71.49430364852068,4.199999999999999,10.5,24.2,24.2,24.2,24.2,84.4,2532,61.0,78,78,78,78,3900,3900,3900,3900,3900,1,0,122,72,22,102,0,1,0,0
2024-07-30 14:36:28.270103,72.46235003040195,4.199999999999999,10.5,24.2,24.2,24.2,24.2,84.4,2532,61.0,78,78,78,78,3900,3900,3900,3900,3900,0,0,122,72,22,102,0,1,0,0
2024-07-31 14:36:28.270103,71.15177833584312,4.1,10.5,24.1,24.1,24.1,24.1,84.2,2526,60.5,79,79,79,79,3950,3950,3950,3950,3950,2,0,121,71,21,101,0,1,0,0
2024-07-31 14:36:28.270103,71.96397956602692,4.1,10.5,24.1,24.1,24.1,24.1,84.2,2526,60.5,79,79,79,79,3950,3950,3950,3950,3950,2,1,121,71,21,101,0,1,0,0
2024-07-31 14:36:28.270103,74.6750760717151,4.1,10.5,24.1,24.1,24.1,24.1,84.2,2526,60.5,79,79,79,79,3950,3950,3950,3950,3950,1,0,121,71,21,101,0,1,0,0
2024-07-31 14:36:28.270103,76.65689838203906,4.1,10.5,24.1,24.1,24.1,24.1,84.2,2526,60.5,79,79,79,79,3950,3950,3950,3950,3950,0,0,121,71,21,101,0,1,0,0
2024-07-31 14:36:28.270103,74.94035882395141,4.1,10.5,24.1,24.1,24.1,24.1,84.2,2526,60.5,79,79,79,79,3950,3950,3950,3950,3950,0,1,121,71,21,101,0,1,0,0
2024-08-01 14:36:28.270103,75.53920880322033,4.0,10.5,24.0,24.0,24.0,24.0,84.0,2520,60.0,80,80,80,80,4000,4000,4000,4000,4000,0,0,120,70,20,100,0,1,0,0
2024-08-01 14:36:28.270103,75.49982234112173,4.0,10.5,24.0,24.0,24.0,24.0,84.0,2520,60.0,80,80,80,80,4000,4000,4000,4000,4000,1,0,120,70,20,100,0,1,0,0
2024-08-01 14:36:28.270103,73.02046894655619,4.0,10.5,24.0,24.0,24.0,24.0,84.0,2520,60.0,80,80,80,80,4000,4000,4000,4000,4000,2,0,120,70,20,100,0,1,0,0
2024-08-01 14:36:28.270103,73.04248433317146,4.0,10.5,24.0,24.0,24.0,24.0,84.0,2520,60.0,80,80,80,80,4000,4000,4000,4000,4000,0,0,120,70,20,100,0,1,0,0
2024-08-01 14:36:28.270103,74.59278882901712,4.0,10.5,24.0,24.0,24.0,24.0,84.0,2520,60.0,80,80,80,80,4000,4000,4000,4000,4000,0,0,120,70,20,100,0,1,0,0
2024-08-02 14:36:28.270103,74.12095948485131,3.9000000000000004,10.5,23.9,23.9,23.9,23.9,83.8,2514,59.5,81,81,81,81,4050,4050,4050,4050,4050,1,0,119,69,19,99,0,1,0,0
2024-08-02 14:36:28.270103,72.4567423345637,3.9000000000000004,10.5,23.9,23.9,23.9,23.9,83.8,2514,59.5,81,81,81,81,4050,4050,4050,4050,4050,0,0,119,69,19,99,0,1,0,0
2024-08-02 14:36:28.270103,71.94035107088918,3.9000000000000004,10.5,23.9,23.9,23.9,23.9,83.8,2514,59.5,81,81,81,81,4050,4050,4050,4050,4050,0,0,119,69,19,99,0,1,0,0
2024-08-02 14:36:28.270103,73.40428113811211,3.9000000000000004,10.5,23.9,23.9,23.9,23.9,83.8,2514,59.5,81,81,81,81,4050,4050,4050,4050,4050,2,0,119,69,19,99,0,1,0,0
2024-08-02 14:36:28.270103,71.31282803978047,3.9000000000000004,10.5,23.9,23.9,23.9,23.9,83.8,2514,59.5,81,81,81,81,4050,4050,4050,4050,4050,0,0,119,69,19,99,0,1,0,0
2024-08-03 14:36:28.270103,75.49917693918108,3.799999999999999,10.5,23.799999999999997,23.799999999999997,23.799999999999997,23.799999999999997,83.6,2508,59.0,82,82,82,82,4100,4100,4100,4100,4100,0,0,118,68,18,98,0,1,0,0
2024-08-03 14:36:28.270103,72.07443241342231,3.799999999999999,10.5,23.799999999999997,23.799999999999997,23.799999999999997,23.799999999999997,83.6,2508,59.0,82,82,82,82,4100,4100,4100,4100,4100,0,0,118,68,18,98,0,1,0,0
2024-08-03 14:36:28.270103,69.82479250646489,3.799999999999999,10.5,23.799999999999997,23.799999999999997,23.799999999999997,23.799999999999997,83.6,2508,59.0,82,82,82,82,4100,4100,4100,4100,4100,0,0,118,68,18,98,0,1,0,0
2024-08-03 14:36:28.270103,70.54072792620649,3.799999999999999,10.5,23.799999999999997,23.799999999999997,23.799999999999997,23.799999999999997,83.6,2508,59.0,82,82,82,82,4100,4100,4100,4100,4100,0,1,118,68,18,98,0,1,0,0
2024-08-03 14:36:28.270103,70.6832064451771,3.799999999999999,10.5,23.799999999999997,23.799999999999997,23.799999999999997,23.799999999999997,83.6,2508,59.0,82,82,82,82,4100,4100,4100,4100,4100,1,0,118,68,18,98,0,1,0,0
2024-08-04 14:36:28.270103,71.94425790716399,3.6999999999999993,10.5,23.7,23.7,23.7,23.7,83.4,2502,58.5,83,83,83,83,4150,4150,4150,4150,4150,0,0,117,67,17,97,0,1,0,0
2024-08-04 14:36:28.270103,73.70279770923625,3.6999999999999993,10.5,23.7,23.7,23.7,23.7,83.4,2502,58.5,83,83,83,83,4150,4150,4150,4150,4150,0,0,117,67,17,97,0,1,0,0
2024-08-04 14:36:28.270103,72.9369106105828,3.6999999999999993,10.5,23.7,23.7,23.7,23.7,83.4,2502,58.5,83,83,83,83,4150,4150,4150,4150,4150,1,0,117,67,17,97,0,1,0,0
2024-08-04 14:36:28.270103,72.64977542478805,3.6999999999999993,10.5,23.7,23.7,23.7,23.7,83.4,2502,58.5,83,83,83,83,4150,4150,4150,4150,4150,0,1,117,67,17,97,0,1,0,0
2024-08-04 14:36:28.270103,70.63135034238846,3.6999999999999993,10.5,23.7,23.7,23.7,23.7,83.4,2502,58.5,83,83,83,83,4150,4150,4150,4150,4150,2,1,117,67,17,97,0,1,0,0
2024-08-05 14:36:28.270103,68.9285300664482,3.5999999999999996,10.5,23.6,23.6,23.6,23.6,83.2,2496,58.0,84,84,84,84,4200,4200,4200,4200,4200,1,0,116,66,16,96,0,1,0,0
2024-08-05 14:36:28.270103,70.67137479978841,3.5999999999999996,10.5,23.6,23.6,23.6,23.6,83.2,2496,58.0,84,84,84,84,4200,4200,4200,4200,4200,0,0,116,66,16,96,0,1,0,0
2024-08-05 14:36:28.270103,68.49240993748369,3.5999999999999996,10.5,23.6,23.6,23.6,23.6,83.2,2496,58.0,84,84,84,84,4200,4200,4200,4200,4200,0,0,116,66,16,96,0,1,0,0
2024-08-05 14:36:28.270103,70.03140445187753,3.5999999999999996,10.5,23.6,23.6,23.6,23.6,83.2,2496,58.0,84,84,84,84,4200,4200,4200,4200,4200,2,0,116,66,16,96,0,1,0,0
2024-08-05 14:36:28.270103,70.29511003436151,3.5999999999999996,10.5,23.6,23.6,23.6,23.6,83.2,2496,58.0,84,84,84,84,4200,4200,4200,4200,4200,0,0,116,66,16,96,0,1,0,0
2024-08-06 14:36:28.270103,67.39439026042557,3.5,10.5,23.5,23.5,23.5,23.5,83.0,2490,57.5,85,85,85,85,4250,4250,4250,4250,4250,1,0,115,65,15,95,0,1,0,0
2024-08-06 14:36:28.270103,67.16431362081308,3.5,10.5,23.5,23.5,23.5,23.5,83.0,2490,57.5,85,85,85,85,4250,4250,4250,4250,4250,0,0,115,65,15,95,0,1,0,0
2024-08-06 14:36:28.270103,73.52464100713551,3.5,10.5,23.5,23.5,23.5,23.5,83.0,2490,57.5,85,85,85,85,4250,4250,4250,4250,4250,0,0,115,65,15,95,0,1,0,0
2024-08-06 14:36:28.270103,67.57682916876736,3.5,10.5,23.5,23.5,23.5,23.5,83.0,2490,57.5,85,85,85,85,4250,4250,4250,4250,4250,0,0,115,65,15,95,0,1,0,0
2024-08-06 14:36:28.270103,71.04233857258241,3.5,10.5,23.5,23.5,23.5,23.5,83.0,2490,57.5,85,85,85,85,4250,4250,4250,4250,4250,0,0,115,65,15,95,0,1,0,0
2024-08-07 14:36:28.270103,69.94105264419747,3.4000000000000004,10.5,23.4,23.4,23.4,23.4,82.8,2484,57.0,86,86,86,86,4300,4300,4300,4300,4300,1,0,114,64,14,94,0,1,0,0
2024-08-07 14:36:28.270103,74.36399345691541,3.4000000000000004,10.5,23.4,23.4,23.4,23.4,82.8,2484,57.0,86,86,86,86,4300,4300,4300,4300,4300,0,0,114,64,14,94,0,1,0,0
2024-08-07 14:36:28.270103,71.27517278181328,3.4000000000000004,10.5,23.4,23.4,23.4,23.4,82.8,2484,57.0,86,86,86,86,4300,4300,4300,4300,4300,1,0,114,64,14,94,0,1,0,0
2024-08-07 14:36:28.270103,65.75364373617579,3.4000000000000004,10.5,23.4,23.4,23.4,23.4,82.8,2484,57.0,86,86,86,86,4300,4300,4300,4300,4300,0,0,114,64,14,94,0,1,0,0
2024-08-07 14:36:28.270103,70.40221549526309,3.4000000000000004,10.5,23.4,23.4,23.4,23.4,82.8,2484,57.0,86,86,86,86,4300,4300,4300,4300,4300,0,0,114,64,14,94,0,1,0,0
2024-08-08 14:36:28.270103,71.30335322268284,3.299999999999999,10.5,23.299999999999997,23.299999999999997,23.299999999999997,23.299999999999997,82.6,2478,56.5,87,87,87,87,4350,4350,4350,4350,4350,1,0,113,63,13,93,0,1,0,0
2024-08-08 14:36:28.270103,70.96264696611985,3.299999999999999,10.5,23.299999999999997,23.299999999999997,23.299999999999997,23.299999999999997,82.6,2478,56.5,87,87,87,87,4350,4350,4350,4350,4350,0,0,113,63,13,93,0,1,0,0
2024-08-08 14:36:28.270103,72.7229184636355,3.299999999999999,10.5,23.299999999999997,23.299999999999997,23.299999999999997,23.299999999999997,82.6,2478,56.5,87,87,87,87,4350,4350,4350,4350,4350,1,0,113,63,13,93,0,1,0,0
2024-08-08 14:36:28.270103,70.97097467651244,3.299999999999999,10.5,23.299999999999997,23.299999999999997,23.299999999999997,23.299999999999997,82.6,2478,56.5,87,87,87,87,4350,4350,4350,4350,4350,0,0,113,63,13,93,0,1,0,0
2024-08-08 14:36:28.270103,69.828560813366,3.299999999999999,10.5,23.299999999999997,23.299999999999997,23.299999999999997,23.299999999999997,82.6,2478,56.5,87,87,87,87,4350,4350,4350,4350,4350,0,0,113,63,13,93,0,1,0,0
2024-08-09 14:36:28.270103,71.96510356206228,3.1999999999999993,10.5,23.2,23.2,23.2,23.2,82.4,2472,56.0,88,88,88,88,4400,4400,4400,4400,4400,0,0,112,62,12,92,0,1,0,0
2024-08-09 14:36:28.270103,68.82571917611635,3.1999999999999993,10.5,23.2,23.2,23.2,23.2,82.4,2472,56.0,88,88,88,88,4400,4400,4400,4400,4400,0,1,112,62,12,92,0,1,0,0
2024-08-09 14:36:28.270103,69.78877063878349,3.1999999999999993,10.5,23.2,23.2,23.2,23.2,82.4,2472,56.0,88,88,88,88,4400,4400,4400,4400,4400,0,0,112,62,12,92,0,1,0,0
2024-08-09 14:36:28.270103,72.09348163465891,3.1999999999999993,10.5,23.2,23.2,23.2,23.2,82.4,2472,56.0,88,88,88,88,4400,4400,4400,4400,4400,0,0,112,62,12,92,0,1,0,0
2024-08-09 14:36:28.270103,69.4027063863673,3.1999999999999993,10.5,23.2,23.2,23.2,23.2,82.4,2472,56.0,88,88,88,88,4400,4400,4400,4400,4400,0,0,112,62,12,92,0,1,0,0
2024-08-10 14:36:28.270103,71.60143225429111,3.0999999999999996,10.5,23.1,23.1,23.1,23.1,82.2,2466,55.5,89,89,89,89,4450,4450,4450,4450,4450,0,0,111,61,11,91,0,1,0,0
2024-08-10 14:36:28.270103,70.81288452744592,3.0999999999999996,10.5,23.1,23.1,23.1,23.1,82.2,2466,55.5,89,89,89,89,4450,4450,4450,4450,4450,0,0,111,61,11,91,0,1,0,0
2024-08-10 14:36:28.270103,72.93835178750616,3.0999999999999996,10.5,23.1,23.1,23.1,23.1,82.2,2466,55.5,89,89,89,89,4450,4450,4450,4450,4450,1,0,111,61,11,91,0,1,0,0
2024-08-10 14:36:28.270103,68.38263156192485,3.0999999999999996,10.5,23.1,23.1,23.1,23.1,82.2,2466,55.5,89,89,89,89,4450,4450,4450,4450,4450,0,1,111,61,11,91,0,1,0,0
2024-08-10 14:36:28.270103,70.56864791722619,3.0999999999999996,10.5,23.1,23.1,23.1,23.1,82.2,2466,55.5,89,89,89,89,4450,4450,4450,4450,4450,0,0,111,61,11,91,0,1,0,0
2024-08-11 14:36:28.270103,67.30048761471566,3.0,10.5,23.0,23.0,23.0,23.0,82.0,2460,55.0,90,90,90,90,4500,4500,4500,4500,4500,0,0,110,60,10,90,0,1,0,0
2024-08-11 14:36:28.270103,73.92999522338712,3.0,10.5,23.0,23.0,23.0,23.0,82.0,2460,55.0,90,90,90,90,4500,4500,4500,4500,4500,1,0,110,60,10,90,0,1,0,0
2024-08-11 14:36:28.270103,70.31893030874986,3.0,10.5,23.0,23.0,23.0,23.0,82.0,2460,55.0,90,90,90,90,4500,4500,4500,4500,4500,0,0,110,60,10,90,0,1,0,0
2024-08-11 14:36:28.270103,66.58303475456306,3.0,10.5,23.0,23.0,23.0,23.0,82.0,2460,55.0,90,90,90,90,4500,4500,4500,4500,4500,1,0,110,60,10,90,0,1,0,0
2024-08-11 14:36:28.270103,70.9288536692351,3.0,10.5,23.0,23.0,23.0,23.0,82.0,2460,55.0,90,90,90,90,4500,4500,4500,4500,4500,0,0,110,60,10,90,0,1,0,0
2024-08-12 14:36:28.270103,68.4866078635076,2.9000000000000004,10.5,22.9,22.9,22.9,22.9,81.8,2454,54.5,91,91,91,91,4550,4550,4550,4550,4550,0,1,109,59,9,89,0,1,0,0
2024-08-12 14:36:28.270103,70.9607510525084,2.9000000000000004,10.5,22.9,22.9,22.9,22.9,81.8,2454,54.5,91,91,91,91,4550,4550,4550,4550,4550,1,0,109,59,9,89,0,1,0,0
2024-08-12 14:36:28.270103,69.26430015292338,2.9000000000000004,10.5,22.9,22.9,22.9,22.9,81.8,2454,54.5,91,91,91,91,4550,4550,4550,4550,4550,0,0,109,59,9,89,0,1,0,0
2024-08-12 14:36:28.270103,71.2889584207113,2.9000000000000004,10.5,22.9,22.9,22.9,22.9,81.8,2454,54.5,91,91,91,91,4550,4550,4550,4550,4550,0,1,109,59,9,89,0,1,0,0
2024-08-12 14:36:28.270103,72.48420280747135,2.9000000000000004,10.5,22.9,22.9,22.9,22.9,81.8,2454,54.5,91,91,91,91,4550,4550,4550,4550,4550,0,0,109,59,9,89,0,1,0,0
2024-08-13 14:36:28.270103,72.63450377326335,2.799999999999999,10.5,22.799999999999997,22.799999999999997,22.799999999999997,22.799999999999997,81.6,2448,54.0,92,92,92,92,4600,4600,4600,4600,4600,1,0,108,58,8,88,0,1,0,0
2024-08-13 14:36:28.270103,71.86220847344504,2.799999999999999,10.5,22.799999999999997,22.799999999999997,22.799999999999997,22.799999999999997,81.6,2448,54.0,92,92,92,92,4600,4600,4600,4600,4600,1,1,108,58,8,88,0,1,0,0
2024-08-13 14:36:28.270103,72.10831908104552,2.799999999999999,10.5,22.799999999999997,22.799999999999997,22.799999999999997,22.799999999999997,81.6,2448,54.0,92,92,92,92,4600,4600,4600,4600,4600,0,0,108,58,8,88,0,1,0,0
2024-08-13 14:36:28.270103,71.54968203170765,2.799999999999999,10.5,22.799999999999997,22.799999999999997,22.799999999999997,22.799999999999997,81.6,2448,54.0,92,92,92,92,4600,4600,4600,4600,4600,0,0,108,58,8,88,0,1,0,0
2024-08-13 14:36:28.270103,69.8669424462137,2.799999999999999,10.5,22.799999999999997,22.799999999999997,22.799999999999997,22.799999999999997,81.6,2448,54.0,92,92,92,92,4600,4600,4600,4600,4600,0,0,108,58,8,88,0,1,0,0
2024-08-14 14:36:28.270103,66.94225338544679,2.6999999999999993,10.5,22.7,22.7,22.7,22.7,81.4,2442,53.5,93,93,93,93,4650,4650,4650,4650,4650,0,1,107,57,7,87,0,1,0,0
2024-08-14 14:36:28.270103,66.95704233657007,2.6999999999999993,10.5,22.7,22.7,22.7,22.7,81.4,2442,53.5,93,93,93,93,4650,4650,4650,4650,4650,0,0,107,57,7,87,0,1,0,0
2024-08-14 14:36:28.270103,72.54920134820124,2.6999999999999993,10.5,22.7,22.7,22.7,22.7,81.4,2442,53.5,93,93,93,93,4650,4650,4650,4650,4650,0,1,107,57,7,87,0,1,0,0
2024-08-14 14:36:28.270103,71.82619796763078,2.6999999999999993,10.5,22.7,22.7,22.7,22.7,81.4,2442,53.5,93,93,93,93,4650,4650,4650,4650,4650,1,0,107,57,7,87,0,1,0,0
2024-08-14 14:36:28.270103,68.02029601871664,2.6999999999999993,10.5,22.7,22.7,22.7,22.7,81.4,2442,53.5,93,93,93,93,4650,4650,4650,4650,4650,1,0,107,57,7,87,0,1,0,0
2024-08-15 14:36:28.270103,70.86957716049322,2.5999999999999996,10.5,22.6,22.6,22.6,22.6,81.2,2436,53.0,94,94,94,94,4700,4700,4700,4700,4700,0,0,106,56,6,86,0,1,0,0
2024-08-15 14:36:28.270103,72.85395567809691,2.5999999999999996,10.5,22.6,22.6,22.6,22.6,81.2,2436,53.0,94,94,94,94,4700,4700,4700,4700,4700,0,0,106,56,6,86,0,1,0,0
2024-08-15 14:36:28.270103,71.75617941976255,2.5999999999999996,10.5,22.6,22.6,22.6,22.6,81.2,2436,53.0,94,94,94,94,4700,4700,4700,4700,4700,0,1,106,56,6,86,0,1,0,0
2024-08-15 14:36:28.270103,71.9081370073188,2.5999999999999996,10.5,22.6,22.6,22.6,22.6,81.2,2436,53.0,94,94,94,94,4700,4700,4700,4700,4700,0,0,106,56,6,86,0,1,0,0
2024-08-15 14:36:28.270103,68.20799734518872,2.5999999999999996,10.5,22.6,22.6,22.6,22.6,81.2,2436,53.0,94,94,94,94,4700,4700,4700,4700,4700,1,0,106,56,6,86,0,1,0,0
2024-08-16 14:36:28.270103,68.19370369591797,2.5,10.5,22.5,22.5,22.5,22.5,81.0,2430,52.5,95,95,95,95,4750,4750,4750,4750,4750,1,0,105,55,5,85,0,1,0,0
2024-08-16 14:36:28.270103,71.00013583509433,2.5,10.5,22.5,22.5,22.5,22.5,81.0,2430,52.5,95,95,95,95,4750,4750,4750,4750,4750,1,0,105,55,5,85,0,1,0,0
2024-08-16 14:36:28.270103,70.5867980855196,2.5,10.5,22.5,22.5,22.5,22.5,81.0,2430,52.5,95,95,95,95,4750,4750,4750,4750,4750,1,1,105,55,5,85,0,1,0,0
2024-08-16 14:36:28.270103,67.69085783499085,2.5,10.5,22.5,22.5,22.5,22.5,81.0,2430,52.5,95,95,95,95,4750,4750,4750,4750,4750,0,1,105,55,5,85,0,1,0,0
2024-08-16 14:36:28.270103,71.27852300936341,2.5,10.5,22.5,22.5,22.5,22.5,81.0,2430,52.5,95,95,95,95,4750,4750,4750,4750,4750,0,0,105,55,5,85,0,1,0,0
2024-08-17 14:36:28.270103,69.43323568888502,2.3999999999999986,10.5,22.4,22.4,22.4,22.4,80.8,2424,52.0,96,96,96,96,4800,4800,4800,4800,4800,0,0,104,54,4,84,0,1,0,0
2024-08-17 14:36:28.270103,71.60134636935221,2.3999999999999986,10.5,22.4,22.4,22.4,22.4,80.8,2424,52.0,96,96,96,96,4800,4800,4800,4800,4800,0,0,104,54,4,84,0,1,0,0
2024-08-17 14:36:28.270103,67.55636774047866,2.3999999999999986,10.5,22.4,22.4,22.4,22.4,80.8,2424,52.0,96,96,96,96,4800,4800,4800,4800,4800,2,0,104,54,4,84,0,1,0,0
2024-08-17 14:36:28.270103,68.30396486133004,2.3999999999999986,10.5,22.4,22.4,22.4,22.4,80.8,2424,52.0,96,96,96,96,4800,4800,4800,4800,4800,0,0,104,54,4,84,0,1,0,0
2024-08-17 14:36:28.270103,67.9294580808138,2.3999999999999986,10.5,22.4,22.4,22.4,22.4,80.8,2424,52.0,96,96,96,96,4800,4800,4800,4800,4800,0,0,104,54,4,84,0,1,0,0
2024-08-18 14:36:28.270103,69.1618503869206,2.299999999999999,10.5,22.299999999999997,22.299999999999997,22.299999999999997,22.299999999999997,80.6,2418,51.5,97,97,97,97,4850,4850,4850,4850,4850,0,0,103,53,3,83,0,1,0,0
2024-08-18 14:36:28.270103,70.19123174287826,2.299999999999999,10.5,22.299999999999997,22.299999999999997,22.299999999999997,22.299999999999997,80.6,2418,51.5,97,97,97,97,4850,4850,4850,4850,4850,2,1,103,53,3,83,0,1,0,0
2024-08-18 14:36:28.270103,69.87571382125056,2.299999999999999,10.5,22.299999999999997,22.299999999999997,22.299999999999997,22.299999999999997,80.6,2418,51.5,97,97,97,97,4850,4850,4850,4850,4850,1,0,103,53,3,83,0,1,0,0
2024-08-18 14:36:28.270103,67.87912775045523,2.299999999999999,10.5,22.299999999999997,22.299999999999997,22.299999999999997,22.299999999999997,80.6,2418,51.5,97,97,97,97,4850,4850,4850,4850,4850,0,0,103,53,3,83,0,1,0,0
2024-08-18 14:36:28.270103,68.32124121046256,2.299999999999999,10.5,22.299999999999997,22.299999999999997,22.299999999999997,22.299999999999997,80.6,2418,51.5,97,97,97,97,4850,4850,4850,4850,4850,0,1,103,53,3,83,0,1,0,0
2024-08-19 14:36:28.270103,71.9522017806633,2.1999999999999993,10.5,22.2,22.2,22.2,22.2,80.4,2412,51.0,98,98,98,98,4900,4900,4900,4900,4900,0,0,102,52,2,82,0,1,0,0
2024-08-19 14:36:28.270103,68.3069262680355,2.1999999999999993,10.5,22.2,22.2,22.2,22.2,80.4,2412,51.0,98,98,98,98,4900,4900,4900,4900,4900,1,1,102,52,2,82,0,1,0,0
2024-08-19 14:36:28.270103,70.71582987773868,2.1999999999999993,10.5,22.2,22.2,22.2,22.2,80.4,2412,51.0,98,98,98,98,4900,4900,4900,4900,4900,1,0,102,52,2,82,0,1,0,0
2024-08-19 14:36:28.270103,63.34332657276814,2.1999999999999993,10.5,22.2,22.2,22.2,22.2,80.4,2412,51.0,98,98,98,98,4900,4900,4900,4900,4900,0,1,102,52,2,82,0,1,0,0
2024-08-19 14:36:28.270103,72.73021059639981,2.1999999999999993,10.5,22.2,22.2,22.2,22.2,80.4,2412,51.0,98,98,98,98,4900,4900,4900,4900,4900,0,0,102,52,2,82,0,1,0,0
2024-08-20 14:36:28.270103,76.71963701254155,2.0999999999999996,10.5,22.1,22.1,22.1,22.1,80.2,2406,50.5,99,99,99,99,4950,4950,4950,4950,4950,1,1,101,51,1,81,0,1,0,0
2024-08-20 14:36:28.270103,67.27943791658697,2.0999999999999996,10.5,22.1,22.1,22.1,22.1,80.2,2406,50.5,99,99,99,99,4950,4950,4950,4950,4950,0,0,101,51,1,81,0,1,0,0
2024-08-20 14:36:28.270103,72.83456493090598,2.0999999999999996,10.5,22.1,22.1,22.1,22.1,80.2,2406,50.5,99,99,99,99,4950,4950,4950,4950,4950,0,1,101,51,1,81,0,1,0,0
2024-08-20 14:36:28.270103,68.71158654627847,2.0999999999999996,10.5,22.1,22.1,22.1,22.1,80.2,2406,50.5,99,99,99,99,4950,4950,4950,4950,4950,0,0,101,51,1,81,0,1,0,0
2024-08-20 14:36:28.270103,72.01531360502716,2.0999999999999996,10.5,22.1,22.1,22.1,22.1,80.2,2406,50.5,99,99,99,99,4950,4950,4950,4950,4950,1,0,101,51,1,81,0,1,0,0
2024-08-21 14:36:28.270103,74.13932541502409,2.0,10.5,22.0,22.0,22.0,22.0,80.0,2400,50.0,100,100,100,100,5000,5000,5000,5000,5000,0,1,100,50,0,80,0,1,0,0
2024-08-21 14:36:28.270103,71.38903185113956,2.0,10.5,22.0,22.0,22.0,22.0,80.0,2400,50.0,100,100,100,100,5000,5000,5000,5000,5000,0,0,100,50,0,80,0,1,0,0
2024-08-21 14:36:28.270103,71.0232579361173,2.0,10.5,22.0,22.0,22.0,22.0,80.0,2400,50.0,100,100,100,100,5000,5000,5000,5000,5000,1,0,100,50,0,80,0,1,0,0
2024-08-21 14:36:28.270103,72.17113775249732,2.0,10.5,22.0,22.0,22.0,22.0,80.0,2400,50.0,100,100,100,100,5000,5000,5000,5000,5000,1,0,100,50,0,80,0,1,0,0
2024-08-21 14:36:28.270103,69.80034172614155,2.0,10.5,22.0,22.0,22.0,22.0,80.0,2400,50.0,100,100,100,100,5000,5000,5000,5000,5000,1,0,100,50,0,80,0,1,0,0
2024-08-22 14:36:28.270103,70.27344800565682,1.8999999999999986,10.5,21.9,21.9,21.9,21.9,79.8,2394,49.5,101,101,101,101,5050,5050,5050,5050,5050,0,0,99,49,0,79,0,1,0,0
2024-08-22 14:36:28.270103,70.29930707885615,1.8999999999999986,10.5,21.9,21.9,21.9,21.9,79.8,2394,49.5,101,101,101,101,5050,5050,5050,5050,5050,1,0,99,49,0,79,0,1,0,0
2024-08-22 14:36:28.270103,73.39020395284972,1.8999999999999986,10.5,21.9,21.9,21.9,21.9,79.8,2394,49.5,101,101,101,101,5050,5050,5050,5050,5050,2,0,99,49,0,79,0,1,0,0
2024-08-22 14:36:28.270103,70.76937580339829,1.8999999999999986,10.5,21.9,21.9,21.9,21.9,79.8,2394,49.5,101,101,101,101,5050,5050,5050,5050,5050,0,1,99,49,0,79,0,1,0,0
2024-08-22 14:36:28.270103,69.83877423208642,1.8999999999999986,10.5,21.9,21.9,21.9,21.9,79.8,2394,49.5,101,101,101,101,5050,5050,5050,5050,5050,0,0,99,49,0,79,0,1,0,0
2024-08-23 14:36:28.270103,72.36208299901696,1.799999999999999,10.5,21.799999999999997,21.799999999999997,21.799999999999997,21.799999999999997,79.6,2388,49.0,102,102,102,102,5100,5100,5100,5100,5100,1,0,98,48,0,78,0,1,0,0
2024-08-23 14:36:28.270103,67.56706519448065,1.799999999999999,10.5,21.799999999999997,21.799999999999997,21.799999999999997,21.799999999999997,79.6,2388,49.0,102,102,102,102,5100,5100,5100,5100,5100,0,0,98,48,0,78,0,1,0,0
2024-08-23 14:36:28.270103,72.01010146512213,1.799999999999999,10.5,21.799999999999997,21.799999999999997,21.799999999999997,21.799999999999997,79.6,2388,49.0,102,102,102,102,5100,5100,5100,5100,5100,1,0,98,48,0,78,0,1,0,0
2024-08-23 14:36:28.270103,70.6951409714674,1.799999999999999,10.5,21.799999999999997,21.799999999999997,21.799999999999997,21.799999999999997,79.6,2388,49.0,102,102,102,102,5100,5100,5100,5100,5100,0,0,98,48,0,78,0,1,0,0
2024-08-23 14:36:28.270103,73.08516401062245,1.799999999999999,10.5,21.799999999999997,21.799999999999997,21.799999999999997,21.799999999999997,79.6,2388,49.0,102,102,102,102,5100,5100,5100,5100,5100,0,0,98,48,0,78,0,1,0,0
2024-08-24 14:36:28.270103,68.95341879679941,1.6999999999999993,10.5,21.7,21.7,21.7,21.7,79.4,2382,48.5,103,103,103,103,5150,5150,5150,5150,5150,2,0,97,47,0,77,0,1,0,0
2024-08-24 14:36:28.270103,67.85870530014321,1.6999999999999993,10.5,21.7,21.7,21.7,21.7,79.4,2382,48.5,103,103,103,103,5150,5150,5150,5150,5150,0,0,97,47,0,77,0,1,0,0
2024-08-24 14:36:28.270103,72.26565218933175,1.6999999999999993,10.5,21.7,21.7,21.7,21.7,79.4,2382,48.5,103,103,103,103,5150,5150,5150,5150,5150,0,0,97,47,0,77,0,1,0,0
2024-08-24 14:36:28.270103,72.8021829025842,1.6999999999999993,10.5,21.7,21.7,21.7,21.7,79.4,2382,48.5,103,103,103,103,5150,5150,5150,5150,5150,0,1,97,47,0,77,0,1,0,0
2024-08-24 14:36:28.270103,65.60266004171703,1.6999999999999993,10.5,21.7,21.7,21.7,21.7,79.4,2382,48.5,103,103,103,103,5150,5150,5150,5150,5150,0,1,97,47,0,77,0,1,0,0
2024-08-25 14:36:28.270103,70.71945309642767,1.5999999999999996,10.5,21.6,21.6,21.6,21.6,79.2,2376,48.0,104,104,104,104,5200,5200,5200,5200,5200,2,0,96,46,0,76,0,1,0,0
2024-08-25 14:36:28.270103,65.94608503469969,1.5999999999999996,10.5,21.6,21.6,21.6,21.6,79.2,2376,48.0,104,104,104,104,5200,5200,5200,5200,5200,0,0,96,46,0,76,0,1,0,0
2024-08-25 14:36:28.270103,67.42385599729708,1.5999999999999996,10.5,21.6,21.6,21.6,21.6,79.2,2376,48.0,104,104,104,104,5200,5200,5200,5200,5200,0,0,96,46,0,76,0,1,0,0
2024-08-25 14:36:28.270103,73.26568400531929,1.5999999999999996,10.5,21.6,21.6,21.6,21.6,79.2,2376,48.0,104,104,104,104,5200,5200,5200,5200,5200,0,0,96,46,0,76,0,1,0,0
2024-08-25 14:36:28.270103,66.18992736597232,1.5999999999999996,10.5,21.6,21.6,21.6,21.6,79.2,2376,48.0,104,104,104,104,5200,5200,5200,5200,5200,0,0,96,46,0,76,0,1,0,0
2024-08-26 14:36:28.270103,71.88981334908138,1.5,10.5,21.5,21.5,21.5,21.5,79.0,2370,47.5,105,105,105,105,5250,5250,5250,5250,5250,0,0,95,45,0,75,0,1,0,0
2024-08-26 14:36:28.270103,71.0663865081472,1.5,10.5,21.5,21.5,21.5,21.5,79.0,2370,47.5,105,105,105,105,5250,5250,5250,5250,5250,0,0,95,45,0,75,0,1,0,0
2024-08-26 14:36:28.270103,70.55084281456813,1.5,10.5,21.5,21.5,21.5,21.5,79.0,2370,47.5,105,105,105,105,5250,5250,5250,5250,5250,0,1,95,45,0,75,0,1,0,0
2024-08-26 14:36:28.270103,71.8453176283245,1.5,10.5,21.5,21.5,21.5,21.5,79.0,2370,47.5,105,105,105,105,5250,5250,5250,5250,5250,0,0,95,45,0,75,0,1,0,0
2024-08-26 14:36:28.270103,73.9777732382044,1.5,10.5,21.5,21.5,21.5,21.5,79.0,2370,47.5,105,105,105,105,5250,5250,5250,5250,5250,0,0,95,45,0,75,0,1,0,0
2024-08-27 14:36:28.270103,74.48930302931502,1.3999999999999986,10.5,21.4,21.4,21.4,21.4,78.8,2364,47.0,106,106,106,106,5300,5300,5300,5300,5300,0,0,94,44,0,74,0,1,0,0
2024-08-27 14:36:28.270103,71.34567889736492,1.3999999999999986,10.5,21.4,21.4,21.4,21.4,78.8,2364,47.0,106,106,106,106,5300,5300,5300,5300,5300,0,0,94,44,0,74,0,1,0,0
2024-08-27 14:36:28.270103,71.81817808303875,1.3999999999999986,10.5,21.4,21.4,21.4,21.4,78.8,2364,47.0,106,106,106,106,5300,5300,5300,5300,5300,0,0,94,44,0,74,0,1,0,0
2024-08-27 14:36:28.270103,72.99888119494457,1.3999999999999986,10.5,21.4,21.4,21.4,21.4,78.8,2364,47.0,106,106,106,106,5300,5300,5300,5300,5300,0,0,94,44,0,74,0,1,0,0
2024-08-27 14:36:28.270103,72.88219049545768,1.3999999999999986,10.5,21.4,21.4,21.4,21.4,78.8,2364,47.0,106,106,106,106,5300,5300,5300,5300,5300,0,0,94,44,0,74,0,1,0,0
2024-08-28 14:36:28.270103,69.96173423527601,1.299999999999999,10.5,21.299999999999997,21.299999999999997,21.299999999999997,21.299999999999997,78.6,2358,46.5,107,107,107,107,5350,5350,5350,5350,5350,0,0,93,43,0,73,0,1,0,0
2024-08-28 14:36:28.270103,71.74728815022917,1.299999999999999,10.5,21.299999999999997,21.299999999999997,21.299999999999997,21.299999999999997,78.6,2358,46.5,107,107,107,107,5350,5350,5350,5350,5350,0,0,93,43,0,73,0,1,0,0
2024-08-28 14:36:28.270103,72.62234131677404,1.299999999999999,10.5,21.299999999999997,21.299999999999997,21.299999999999997,21.299999999999997,78.6,2358,46.5,107,107,107,107,5350,5350,5350,5350,5350,0,0,93,43,0,73,0,1,0,0
2024-08-28 14:36:28.270103,69.8537700302677,1.299999999999999,10.5,21.299999999999997,21.299999999999997,21.299999999999997,21.299999999999997,78.6,2358,46.5,107,107,107,107,5350,5350,5350,5350,5350,2,1,93,43,0,73,0,1,0,0
2024-08-28 14:36:28.270103,76.25343347109546,1.299999999999999,10.5,21.299999999999997,21.299999999999997,21.299999999999997,21.299999999999997,78.6,2358,46.5,107,107,107,107,5350,5350,5350,5350,5350,2,0,93,43,0,73,0,1,0,0
2024-08-29 14:36:28.270103,72.59179738837061,1.1999999999999993,10.5,21.2,21.2,21.2,21.2,78.4,2352,46.0,108,108,108,108,5400,5400,5400,5400,5400,0,0,92,42,0,72,0,1,0,0
2024-08-29 14:36:28.270103,75.2619702870977,1.1999999999999993,10.5,21.2,21.2,21.2,21.2,78.4,2352,46.0,108,108,108,108,5400,5400,5400,5400,5400,1,0,92,42,0,72,0,1,0,0
2024-08-29 14:36:28.270103,67.40447260179025,1.1999999999999993,10.5,21.2,21.2,21.2,21.2,78.4,2352,46.0,108,108,108,108,5400,5400,5400,5400,5400,0,1,92,42,0,72,0,1,0,0
2024-08-29 14:36:28.270103,71.19455743642801,1.1999999999999993,10.5,21.2,21.2,21.2,21.2,78.4,2352,46.0,108,108,108,108,5400,5400,5400,5400,5400,0,0,92,42,0,72,0,1,0,0
2024-08-29 14:36:28.270103,69.75751673630637,1.1999999999999993,10.5,21.2,21.2,21.2,21.2,78.4,2352,46.0,108,108,108,108,5400,5400,5400,5400,5400,1,0,92,42,0,72,0,1,0,0
2024-08-30 14:36:28.270103,70.48654575153626,1.0999999999999996,10.5,21.1,21.1,21.1,21.1,78.2,2346,45.5,109,109,109,109,5450,5450,5450,5450,5450,0,0,91,41,0,71,0,1,0,0
2024-08-30 14:36:28.270103,69.18938948245516,1.0999999999999996,10.5,21.1,21.1,21.1,21.1,78.2,2346,45.5,109,109,109,109,5450,5450,5450,5450,5450,0,0,91,41,0,71,0,1,0,0
2024-08-30 14:36:28.270103,71.75438920260702,1.0999999999999996,10.5,21.1,21.1,21.1,21.1,78.2,2346,45.5,109,109,109,109,5450,5450,5450,5450,5450,0,0,91,41,0,71,0,1,0,0
2024-08-30 14:36:28.270103,67.21258731711292,1.0999999999999996,10.5,21.1,21.1,21.1,21.1,78.2,2346,45.5,109,109,109,109,5450,5450,5450,5450,5450,0,0,91,41,0,71,0,1,0,0
2024-08-30 14:36:28.270103,71.36412446636959,1.0999999999999996,10.5,21.1,21.1,21.1,21.1,78.2,2346,45.5,109,109,109,109,5450,5450,5450,5450,5450,2,0,91,41,0,71,0,1,0,0
2024-08-31 14:36:28.270103,71.15962012334782,1.0,10.5,21.0,21.0,21.0,21.0,78.0,2340,45.0,110,110,110,110,5500,5500,5500,5500,5500,0,0,90,40,0,70,0,1,0,0
2024-08-31 14:36:28.270103,71.79693337215352,1.0,10.5,21.0,21.0,21.0,21.0,78.0,2340,45.0,110,110,110,110,5500,5500,5500,5500,5500,0,0,90,40,0,70,0,1,0,0
2024-08-31 14:36:28.270103,73.01398062159022,1.0,10.5,21.0,21.0,21.0,21.0,78.0,2340,45.0,110,110,110,110,5500,5500,5500,5500,5500,0,0,90,40,0,70,0,1,0,0
2024-08-31 14:36:28.270103,70.3204234372984,1.0,10.5,21.0,21.0,21.0,21.0,78.0,2340,45.0,110,110,110,110,5500,5500,5500,5500,5500,0,0,90,40,0,70,0,1,0,0
2024-08-31 14:36:28.270103,73.39922812661557,1.0,10.5,21.0,21.0,21.0,21.0,78.0,2340,45.0,110,110,110,110,5500,5500,5500,5500,5500,0,0,90,40,0,70,0,1,0,0
2024-09-01 14:36:28.270103,71.02876413507596,0.8999999999999986,10.5,20.9,20.9,20.9,20.9,77.8,2334,44.5,111,111,111,111,5550,5550,5550,5550,5550,0,0,89,39,0,69,0,1,0,0
2024-09-01 14:36:28.270103,68.219413191369,0.8999999999999986,10.5,20.9,20.9,20.9,20.9,77.8,2334,44.5,111,111,111,111,5550,5550,5550,5550,5550,0,1,89,39,0,69,0,1,0,0
2024-09-01 14:36:28.270103,66.3256721030271,0.8999999999999986,10.5,20.9,20.9,20.9,20.9,77.8,2334,44.5,111,111,111,111,5550,5550,5550,5550,5550,0,0,89,39,0,69,0,1,0,0
2024-09-01 14:36:28.270103,69.61935597788596,0.8999999999999986,10.5,20.9,20.9,20.9,20.9,77.8,2334,44.5,111,111,111,111,5550,5550,5550,5550,5550,1,0,89,39,0,69,0,1,0,0
2024-09-01 14:36:28.270103,69.40103791615725,0.8999999999999986,10.5,20.9,20.9,20.9,20.9,77.8,2334,44.5,111,111,111,111,5550,5550,5550,5550,5550,0,0,89,39,0,69,0,1,0,0
2024-09-02 14:36:28.270103,74.36696686323727,0.7999999999999989,10.5,20.799999999999997,20.799999999999997,20.799999999999997,20.799999999999997,77.6,2328,44.0,112,112,112,112,5600,5600,5600,5600,5600,0,0,88,38,0,68,0,1,0,0
2024-09-02 14:36:28.270103,72.03825506163297,0.7999999999999989,10.5,20.799999999999997,20.799999999999997,20.799999999999997,20.799999999999997,77.6,2328,44.0,112,112,112,112,5600,5600,5600,5600,5600,0,0,88,38,0,68,0,1,0,0
2024-09-02 14:36:28.270103,73.4377941931665,0.7999999999999989,10.5,20.799999999999997,20.799999999999997,20.799999999999997,20.799999999999997,77.6,2328,44.0,112,112,112,112,5600,5600,5600,5600,5600,0,0,88,38,0,68,0,1,0,0
2024-09-02 14:36:28.270103,74.26559737119078,0.7999999999999989,10.5,20.799999999999997,20.799999999999997,20.799999999999997,20.799999999999997,77.6,2328,44.0,112,112,112,112,5600,5600,5600,5600,5600,0,1,88,38,0,68,0,1,0,0
2024-09-02 14:36:28.270103,73.23157894420879,0.7999999999999989,10.5,20.799999999999997,20.799999999999997,20.799999999999997,20.799999999999997,77.6,2328,44.0,112,112,112,112,5600,5600,5600,5600,5600,0,0,88,38,0,68,0,1,0,0
2024-09-03 14:36:28.270103,73.15284154528429,0.6999999999999993,10.5,20.7,20.7,20.7,20.7,77.4,2322,43.5,113,113,113,113,5650,5650,5650,5650,5650,0,0,87,37,0,67,0,1,0,0
2024-09-03 14:36:28.270103,73.06611482701967,0.6999999999999993,10.5,20.7,20.7,20.7,20.7,77.4,2322,43.5,113,113,113,113,5650,5650,5650,5650,5650,0,0,87,37,0,67,0,1,0,0
2024-09-03 14:36:28.270103,72.62459175034942,0.6999999999999993,10.5,20.7,20.7,20.7,20.7,77.4,2322,43.5,113,113,113,113,5650,5650,5650,5650,5650,1,0,87,37,0,67,0,1,0,0
2024-09-03 14:36:28.270103,72.43287151482168,0.6999999999999993,10.5,20.7,20.7,20.7,20.7,77.4,2322,43.5,113,113,113,113,5650,5650,5650,5650,5650,0,0,87,37,0,67,0,1,0,0
2024-09-03 14:36:28.270103,67.65390485764244,0.6999999999999993,10.5,20.7,20.7,20.7,20.7,77.4,2322,43.5,113,113,113,113,5650,5650,5650,5650,5650,0,1,87,37,0,67,0,1,0,0
2024-09-04 14:36:28.270103,74.33978569597491,0.5999999999999996,10.5,20.6,20.6,20.6,20.6,77.2,2316,43.0,114,114,114,114,5700,5700,5700,5700,5700,0,0,86,36,0,66,0,1,0,0
2024-09-04 14:36:28.270103,71.43728803408685,0.5999999999999996,10.5,20.6,20.6,20.6,20.6,77.2,2316,43.0,114,114,114,114,5700,5700,5700,5700,5700,0,0,86,36,0,66,0,1,0,0
2024-09-04 14:36:28.270103,74.9373294002789,0.5999999999999996,10.5,20.6,20.6,20.6,20.6,77.2,2316,43.0,114,114,114,114,5700,5700,5700,5700,5700,0,0,86,36,0,66,0,1,0,0
2024-09-04 14:36:28.270103,75.30043044243232,0.5999999999999996,10.5,20.6,20.6,20.6,20.6,77.2,2316,43.0,114,114,114,114,5700,5700,5700,5700,5700,0,0,86,36,0,66,0,1,0,0
2024-09-04 14:36:28.270103,77.0795063223563,0.5999999999999996,10.5,20.6,20.6,20.6,20.6,77.2,2316,43.0,114,114,114,114,5700,5700,5700,5700,5700,0,0,86,36,0,66,0,1,0,0
2024-09-05 14:36:28.270103,72.02962656427698,0.5,10.5,20.5,20.5,20.5,20.5,77.0,2310,42.5,115,115,115,115,5750,5750,5750,5750,5750,0,0,85,35,0,65,0,1,0,0
2024-09-05 14:36:28.270103,75.55705219628358,0.5,10.5,20.5,20.5,20.5,20.5,77.0,2310,42.5,115,115,115,115,5750,5750,5750,5750,5750,0,1,85,35,0,65,0,1,0,0
2024-09-05 14:36:28.270103,71.72331845876423,0.5,10.5,20.5,20.5,20.5,20.5,77.0,2310,42.5,115,115,115,115,5750,5750,5750,5750,5750,0,1,85,35,0,65,0,1,0,0
2024-09-05 14:36:28.270103,71.36222956938022,0.5,10.5,20.5,20.5,20.5,20.5,77.0,2310,42.5,115,115,115,115,5750,5750,5750,5750,5750,1,0,85,35,0,65,0,1,0,0
2024-09-05 14:36:28.270103,72.67169318513714,0.5,10.5,20.5,20.5,20.5,20.5,77.0,2310,42.5,115,115,115,115,5750,5750,5750,5750,5750,0,0,85,35,0,65,0,1,0,0
2024-09-06 14:36:28.270103,71.76462249564739,0.3999999999999986,10.5,20.4,20.4,20.4,20.4,76.8,2304,42.0,116,116,116,116,5800,5800,5800,5800,5800,1,0,84,34,0,64,0,1,0,0
2024-09-06 14:36:28.270103,72.3550214377178,0.3999999999999986,10.5,20.4,20.4,20.4,20.4,76.8,2304,42.0,116,116,116,116,5800,5800,5800,5800,5800,0,0,84,34,0,64,0,1,0,0
2024-09-06 14:36:28.270103,72.83507512340019,0.3999999999999986,10.5,20.4,20.4,20.4,20.4,76.8,2304,42.0,116,116,116,116,5800,5800,5800,5800,5800,0,0,84,34,0,64,0,1,0,0
2024-09-06 14:36:28.270103,70.05195263569149,0.3999999999999986,10.5,20.4,20.4,20.4,20.4,76.8,2304,42.0,116,116,116,116,5800,5800,5800,5800,5800,0,0,84,34,0,64,0,1,0,0
2024-09-06 14:36:28.270103,71.47100761850015,0.3999999999999986,10.5,20.4,20.4,20.4,20.4,76.8,2304,42.0,116,116,116,116,5800,5800,5800,5800,5800,1,1,84,34,0,64,0,1,0,0
2024-09-07 14:36:28.270103,70.3532946283164,0.29999999999999893,10.5,20.299999999999997,20.299999999999997,20.299999999999997,20.299999999999997,76.6,2298,41.5,117,117,117,117,5850,5850,5850,5850,5850,0,0,83,33,0,63,0,1,0,0
2024-09-07 14:36:28.270103,69.59420326279695,0.29999999999999893,10.5,20.299999999999997,20.299999999999997,20.299999999999997,20.299999999999997,76.6,2298,41.5,117,117,117,117,5850,5850,5850,5850,5850,0,0,83,33,0,63,0,1,0,0
2024-09-07 14:36:28.270103,71.23881386324692,0.29999999999999893,10.5,20.299999999999997,20.299999999999997,20.299999999999997,20.299999999999997,76.6,2298,41.5,117,117,117,117,5850,5850,5850,5850,5850,0,1,83,33,0,63,0,1,0,0
2024-09-07 14:36:28.270103,72.99685203729754,0.29999999999999893,10.5,20.299999999999997,20.299999999999997,20.299999999999997,20.299999999999997,76.6,2298,41.5,117,117,117,117,5850,5850,5850,5850,5850,0,0,83,33,0,63,0,1,0,0
2024-09-07 14:36:28.270103,72.44070791171097,0.29999999999999893,10.5,20.299999999999997,20.299999999999997,20.299999999999997,20.299999999999997,76.6,2298,41.5,117,117,117,117,5850,5850,5850,5850,5850,0,0,83,33,0,63,0,1,0,0
2024-09-08 14:36:28.270103,76.13473802511983,0.1999999999999993,10.5,20.2,20.2,20.2,20.2,76.4,2292,41.0,118,118,118,118,5900,5900,5900,5900,5900,0,0,82,32,0,62,0,1,0,0
2024-09-08 14:36:28.270103,75.34395007788328,0.1999999999999993,10.5,20.2,20.2,20.2,20.2,76.4,2292,41.0,118,118,118,118,5900,5900,5900,5900,5900,0,0,82,32,0,62,0,1,0,0
2024-09-08 14:36:28.270103,74.22840299057782,0.1999999999999993,10.5,20.2,20.2,20.2,20.2,76.4,2292,41.0,118,118,118,118,5900,5900,5900,5900,5900,0,0,82,32,0,62,0,1,0,0
2024-09-08 14:36:28.270103,71.92842155505537,0.1999999999999993,10.5,20.2,20.2,20.2,20.2,76.4,2292,41.0,118,118,118,118,5900,5900,5900,5900,5900,0,0,82,32,0,62,0,1,0,0
2024-09-08 14:36:28.270103,72.49905132974577,0.1999999999999993,10.5,20.2,20.2,20.2,20.2,76.4,2292,41.0,118,118,118,118,5900,5900,5900,5900,5900,0,1,82,32,0,62,0,1,0,0
2024-09-09 14:36:28.270103,71.03489640602709,0.09999999999999964,10.5,20.1,20.1,20.1,20.1,76.2,2286,40.5,119,119,119,119,5950,5950,5950,5950,5950,0,1,81,31,0,61,0,1,0,0
2024-09-09 14:36:28.270103,74.61910845492363,0.09999999999999964,10.5,20.1,20.1,20.1,20.1,76.2,2286,40.5,119,119,119,119,5950,5950,5950,5950,5950,0,0,81,31,0,61,0,1,0,0
2024-09-09 14:36:28.270103,77.82955809560046,0.09999999999999964,10.5,20.1,20.1,20.1,20.1,76.2,2286,40.5,119,119,119,119,5950,5950,5950,5950,5950,1,0,81,31,0,61,0,1,0,0
2024-09-09 14:36:28.270103,75.21747899717484,0.09999999999999964,10.5,20.1,20.1,20.1,20.1,76.2,2286,40.5,119,119,119,119,5950,5950,5950,5950,5950,0,1,81,31,0,61,0,1,0,0
2024-09-09 14:36:28.270103,76.04478173939088,0.09999999999999964,10.5,20.1,20.1,20.1,20.1,76.2,2286,40.5,119,119,119,119,5950,5950,5950,5950,5950,0,0,81,31,0,61,0,1,0,0
2024-09-10 14:36:28.270103,73.81481361594545,0.0,10.5,20.0,20.0,20.0,20.0,76.0,2280,40.0,120,120,120,120,6000,6000,6000,6000,6000,0,0,80,30,0,60,0,1,0,0
2024-09-10 14:36:28.270103,73.31490537698484,0.0,10.5,20.0,20.0,20.0,20.0,76.0,2280,40.0,120,120,120,120,6000,6000,6000,6000,6000,1,0,80,30,0,60,0,1,0,0
2024-09-10 14:36:28.270103,69.81422906015054,0.0,10.5,20.0,20.0,20.0,20.0,76.0,2280,40.0,120,120,120,120,6000,6000,6000,6000,6000,0,0,80,30,0,60,0,1,0,0
2024-09-10 14:36:28.270103,71.16039880209632,0.0,10.5,20.0,20.0,20.0,20.0,76.0,2280,40.0,120,120,120,120,6000,6000,6000,6000,6000,0,0,80,30,0,60,0,1,0,0
2024-09-10 14:36:28.270103,73.23708510960643,0.0,10.5,20.0,20.0,20.0,20.0,76.0,2280,40.0,120,120,120,120,6000,6000,6000,6000,6000,0,0,80,30,0,60,0,1,0,0
2024-09-11 14:36:28.270103,74.13405800352095,0.0,10.5,19.9,19.9,19.9,19.9,75.8,2274,39.5,121,121,121,121,6050,6050,6050,6050,6050,1,0,79,29,0,59,0,1,0,1
2024-09-11 14:36:28.270103,72.70996689588901,0.0,10.5,19.9,19.9,19.9,19.9,75.8,2274,39.5,121,121,121,121,6050,6050,6050,6050,6050,0,0,79,29,0,59,0,1,0,1
2024-09-11 14:36:28.270103,71.06345553139377,0.0,10.5,19.9,19.9,19.9,19.9,75.8,2274,39.5,121,121,121,121,6050,6050,6050,6050,6050,0,0,79,29,0,59,0,1,0,1
2024-09-11 14:36:28.270103,78.51629581908851,0.0,10.5,19.9,19.9,19.9,19.9,75.8,2274,39.5,121,121,121,121,6050,6050,6050,6050,6050,0,0,79,29,0,59,0,1,0,1
2024-09-11 14:36:28.270103,76.271823095522,0.0,10.5,19.9,19.9,19.9,19.9,75.8,2274,39.5,121,121,121,121,6050,6050,6050,6050,6050,0,0,79,29,0,59,0,1,0,1
2024-09-12 14:36:28.270103,72.5764476739778,0.0,10.5,19.799999999999997,19.799999999999997,19.799999999999997,19.799999999999997,75.6,2268,39.0,122,122,122,122,6100,6100,6100,6100,6100,1,0,78,28,0,58,0,1,0,1
